2848 4958
138 378 253 480 aaa:
335 402 487 468 traua
517 403 695 470 xxxvi.
723 404 920 470 cantv.
1141 427 1166 497 9

15 527 16 534 ’
117 533 295 605 venerunt,
315 519 527 618 pollicentes
545 521 591 594 ad
603 520 747 593 vbellum
768 521 900 592 arixilia
919 537 955 592 ct
974 523 1163 620 pecuniam

15 655 16 704 l
115 644 145 698 et
162 627 391 700 frumentum.
413 630 470 701 Ab
484 630 676 702 Ptolemaeo
691 635 799 703 etiam
815 632 912 704 mille
928 631 1053 729 pondo
1070 635 1166 720 auri,

15 791 16 796 η
114 740 226 834 viginti
252 740 363 818 millia
389 741 515 838 pondo
541 743 679 838 argenti
708 742 822 813 allata.
848 742 946 814 Nihil
971 744 1047 839 ejus
1070 766 1167 813 acce-

15 863 16 906 ῑ
112 864 215 946 ptum.
248 851 378 924 Gratim
407 851 553 947 regibus
580 867 667 924 actae
687 879 696 921 ε
720 870 780 940 et,
808 879 921 950 quum
952 868 1107 950 uterque
1130 877 1167 923 se

112 983 185 1028 cum
202 960 373 1038 omnibus
391 963 505 1058 copiis
523 962 561 1035 in
575 962 741 1036 AEtoliam
755 978 970 1049 venturum,
993 962 1167 1059 belloque

111 1067 358 1150 interfuturum
390 1070 647 1168 polliceretur,
677 1072 870 1144 Ptolemaeo
892 1071 930 1140 id
955 1073 1167 1154 remissum3

112 1179 257 1278 Philippi
276 1182 402 1279 legatis
423 1205 658 1278 responsum,
677 1195 821 1280 gratnm
838 1207 920 1252 eum
943 1183 1086 1252 senatui
1101 1206 1167 1280 po·

111 1289 261 1387 puloqne
279 1315 432 1361 romano
448 1288 652 1380 facturum,
673 1293 702 1363 si
720 1293 778 1363 Μ’.
799 1293 913 1364 Acilio
933 1293 1073 1365 consuli
1091 1319 1167 1364 non

111 1398 284 1474 defuisset.
303 1404 393 1470 Item
407 1400 453 1471 ab
467 1401 823 1499 Carthaginiensibus
838 1417 874 1473 et
886 1404 1071 1473 Masinissa
1082 1427 1168 1501 rege

110 1508 204 1605 legati
215 1525 406 1583 venerunt.
421 1511 733 1609 Carthaginienses
745 1515 853 1584 tritici
863 1512 1047 1582 modium²
1059 1513 1167 1598 mille,

110 1619 226 1698 hordei
247 1625 446 1719 quingenta
462 1621 572 1695 millia
588 1624 633 1694 ad
647 1626 864 1712 exercitum,
883 1623 1072 1695 dimidium
1088 1623 1169 1717 ejus

109 1727 249 1804 Romam
266 1748 520 1829 apportaturos
533 1734 683 1831 polliciti
695 1749 797 1820 sunt,
812 1734 850 1804 id
863 1749 905 1804 ut
916 1734 962 1804 ab
977 1759 1015 1804 se
1032 1759 1167 1804 munus

108 1845 253 1920 Romani
267 1845 490 1941 acciperent,
506 1858 630 1940 petere
644 1869 682 1915 se
697 1872 704 1912 :
725 1860 761 1915 et
774 1845 920 1916 classem
938 1869 1085 1916 suornm
1100 1867 1167 1913 suo

108 1955 251 2049 sumptu
267 1968 558 2049 comparaturus,
573 1969 614 2036 ,et
630 1954 870 2052 stipendium,
885 1955 986 2052 qnod
1002 1955 1168 2052 pluribus

106 2063 337 2156 pensionibus
351 2065 389 2134 in
404 2063 539 2135 multos
553 2089 667 2136 annos
680 2063 874 2149 deberent,
887 2089 1043 2162 praesens
1058 2087 1168 2134 omne

15 2241 17 2252 ,
106 2171 259 2246 daturos.
292 2175 483 2248 Masinissae
510 2173 616 2270 legati
643 2177 841 2270 quingenta
866 2175 976 2245 millia
1004 2175 1166 2244 modium

15 2289 16 2304 ¹
105 2285 224 2372 tritici,
246 2300 405 2356 trecenta
419 2284 549 2356 hordei
564 2285 610 2356 ad
626 2287 822 2356 exercitum
838 2287 875 2359 in
895 2287 1083 2371 Graeciam3
1101 2291 1168 2356 Ro·

103 2417 190 2466 mam
218 2411 381 2469 trecenta
408 2395 518 2465 millia
545 2395 705 2464 modium
728 2397 859 2484 tritici,
880 2396 1036 2466 ducenta
1057 2399 1167 2492 quin-

15 2565 16 2586 ,
103 2509 272 2603 quaginta
295 2505 442 2590 hordei;
461 2509 603 2602 equites
621 2507 859 2604 quingentos,
881 2505 1094 2602 elephantos
1109 2508 1165 2574 vi-

100 2618 184 2710 ginti
208 2641 335 2714 regem
357 2617 402 2686 ad
427 2616 485 2686 Μ’.
507 2617 660 2688 Acilium
679 2617 864 2688 consulem
883 2617 1087 2686 missurum.
1111 2619 1167 2686 De

101 2721 283 2797 frumento
302 2727 466 2821 utrisque
488 2749 722 2822 responsum,
746 2728 796 2797 ita
813 2751 962 2797 usurum
984 2751 1028 2797 eo
1047 2751 1165 2824 popu·

101 2833 168 2904 lum
188 2861 407 2924 romanum,
431 2838 460 2906 si
483 2839 639 2932 pretium
656 2838 873 2933 acciperent.
889 2841 943 2906 De
959 2829 1069 2904 classe
1084 2839 1167 2904 Car·
1184 2923 1188 2931 ²

15 2976 16 3024 1
101 2943 383 3042 thaginieusibus
395 2946 603 3033 remissum;
620 2961 858 3043 praeterquam
873 2949 902 3016 si
917 2944 1004 3041 qnid
1020 2947 1165 3015 navium

15 4567 21 4710 i

101 3080 138 3123 ex
153 3055 295 3127 foedere
310 3055 494 3126 deberent.
505 3061 559 3127 De
571 3057 726 3154 pecunia
744 3058 829 3126 item
844 3081 1077 3152 responsum,
1092 3057 1170 3127 nnl-

101 3162 165 3236 lam
183 3181 271 3236 ante
289 3163 409 3236 diem³
428 3181 655 3263 accepturos

98 3342 253 3406 simplicitate
264 3344 395 3392 offensioni
408 3361 459 3392 esse
474 3344 555 3394 debet.
564 3347 610 3394 En.
654 3356 679 3394 et
690 3343 791 3401 aaut,
807 3351 850 3403 47,
859 3345 909 3404 jam
924 3343 1069 3406 colligarunt
1081 3343 1166 3407 Sigon„

99 3447 130 3456 -
139 3423 210 3471 Mille
221 3423 307 3486 pondo
319 3425 382 3472 artri.
397 3425 502 3471 Selibras
515 3435 611 3472 nostra·
655 3435 680 3471 et
691 3423 765 3478 Drsk.
780 3424 827 3472 Hic
838 3439 869 3471 ex
881 3425 980 3479 XLIII,
995 3423 1027 3480 6,
1042 3424 1108 3483 conj.
1121 3423 1166 3470 tri·

100 3510 131 3548 tes
150 3503 217 3550 1562
233 3519 291 3550 cum
309 3511 324 3558 t,
340 3503 427 3551 unciis.
439 3503 531 3566 Viginti
540 3519 571 3550 m.
581 3521 609 3566 p.
654 3502 698 3550 tici
709 3504 742 3551 X.
766 3503 790 3549 C.
811 3504 861 3558 M„
881 3501 907 3548 h.
925 3519 946 3550 e.
963 3501 1043 3553 decies
1065 3513 1167 3550 centena

99 3583 191 3644 argenti
204 3593 264 3628 sunt
275 3581 370 3630 selibrae
383 3594 503 3630 nostrates
515 3581 608 3629 31250.
653 3581 744 3640 millis,
761 3593 789 3628 ut
807 3581 900 3628 librarii
913 3597 964 3628 non
982 3581 1104 3642 asseqnuti
1119 3581 1168 3630 sint

99 3659 220 3708 tra-St
234 3662 280 3708 Μ’.
297 3660 379 3710 Acilio
393 3663 487 3710 consedi
501 3679 551 3710 non
570 3663 609 3710 da·
653 3671 741 3712 notas.
755 3660 796 3706 vel
812 3677 843 3706 ex
859 3643 913 3708 Pali
926 3677 958 3718 a,
972 3659 1048 3706 tritici
1059 3660 1167 3707 modium

91 3735 195 3799 fuissem
206 3739 265 3788 vide
275 3739 307 3786 ad
319 3741 373 3798 ΙΙΙ,
385 3741 432 3798 46,
443 3758 466 3789 n.
478 3743 502 3788 3.
653 3751 756 3790 centena
768 3739 865 3795 taillia,¹
876 3749 900 3786 et
918 3755 949 3791 er,
964 3742 1025 3788 Lov.
1040 3739 1068 3798 3,
1080 3737 1168 3788 hordei

129 3835 153 3866 a.
167 3819 258 3867 Tritici
270 3818 381 3866 ¹modium
398 3819 478 3866 mille:
491 3836 610 3871 summam
654 3819 835 3882 qninquaginta
851 3818 936 3866 millia.
946 3845 981 3854 -
993 3818 1097 3868 Classem
1111 3837 1167 3868 szto-

97 3897 167 3948 tritici
182 3900 329 3948 mendosam
340 3915 406 3958 esse,
420 3917 451 3946 ex
462 3917 489 3946 ea
505 3909 609 3958 summa,
654 3915 708 3946 riam
718 3915 762 3946 suo
778 3910 875 3962 sumptu
890 3916 911 3946 c.
930 3914 979 3946 vox
991 3915 1090 3946 saeorum
1103 3901 1167 3948 forte

97 3990 165 4036 quam
193 3995 255 4025 mox
279 3995 294 4024 a
321 3978 463 4034 Masinissa,
490 3993 610 4042 quamque
655 3977 800 4035 tollendaet
815 3989 870 4026 orta
881 3995 913 4028 ex
927 3996 977 4042 seq.
994 3996 1038 4026 sito
1046 3991 1075 4028 ,et
1090 3981 1168 4044 prima

96 4055 191 4116 XLIII,
200 4059 231 4116 6,
240 4059 272 4106 ab
287 4057 374 4106 codem
385 4069 410 4106 et
422 4075 435 4106 a
450 4060 532 4106 Poenis
544 4057 611 4106 obla·
655 4057 711 4120 syll.
722 4073 777 4106 voc.
790 4069 903 4120 serapem
917 4058 982 4110 Duk.

97 4145 141 4182 tam
158 4138 276 4201 legimus,
295 4153 405 4185 necnon
418 4154 449 4184 ex
463 4139 610 4196 xx11,37,
691 4139 715 4184 3.
728 4138 829 4186 Nullam
841 4148 898 4184 ante
911 4137 989 4194 diem,
1002 4137 1099 4184 foederis
1108 4133 1167 4193 legi·
