2848 4958
123 411 180 517 ll:
192 425 242 515 3313
315 433 406 504 sm.
433 431 614 501 xxxvi.
641 433 749 502 aar.
770 429 873 503 vni
900 431 963 504 1x.
1117 461 1159 538 ¹7

98 551 160 624 sibi
179 550 534 624 commendationem
554 551 600 623 ad
622 551 865 627 Macedonum
883 570 1029 654 gentem
1051 567 1088 632 et
1108 565 1161 635 in-

96 661 224 734 vidiam
237 663 336 760 regi,
353 661 453 760 quod
466 661 668 760 insepultos
682 665 814 736 milites
828 665 1068 766 reliquisset³,
1086 693 1162 747 mo-

95 775 211 860 nitus;
233 773 308 843 sive
333 771 378 858 ah
406 772 513 843 insita
536 771 683 870 regibus
711 775 869 847 vanitate
898 776 945 848 ad
970 779 1163 856 consilium

95 885 213 981 specie
239 882 423 981 amplum,
449 907 490 954 re
518 882 648 973 inane,
669 886 790 956 animo
810 885 964 982 adjecto.
986 891 1164 964 Tumulus

95 1008 161 1082 est,
180 993 221 1064 in
239 999 357 1064 unum
378 991 539 1082 ossibus,
559 1019 640 1090 quae
654 997 787 1094 passim
807 1011 917 1069 strata
935 1015 1060 1092 erant,
1082 1027 1164 1077 coa·

94 1105 263 1194 cervatis,
287 1102 420 1193 lactus3
446 1106 510 1200 qui
530 1103 667 1174 nullam
688 1109 838 1202 gratiam
857 1106 904 1178 ad
923 1107 1162 1204 Macedonas,

94 1213 215 1286 odium
235 1215 363 1311 ingens
379 1213 424 1284 ad
441 1211 651 1311 Philippum
667 1218 791 1289 movit.
815 1222 964 1314 Itaque,
985 1223 1051 1318 qui
1062 1223 1112 1295 ‘ad
1125 1227 1163 1296 id

93 1341 236 1424 tempus
254 1324 439 1400 fortunam
461 1338 554 1396 esset
575 1325 615 1394 in
636 1327 788 1398 consilio
810 1325 1041 1418 habiturust,
1055 1334 1085 1404 is
1099 1359 1163 1406 ex·

93 1435 233 1533 templo
242 1434 287 1506 ad
298 1437 349 1505 M.
363 1433 522 1506 Baehium
535 1451 798 1533 propraetorem
812 1437 927 1526 misit,
938 1441 1163 1514 Antiochum

94 1553 129 1617 in
154 1548 380 1618 Thessaliam
400 1551 573 1644 impetam
583 1545 731 1636 fhcr'ssa.
752 1549 794 1618 Si
807 1547 993 1618 urileretar
1010 1556 1060 1640 ei,
1084 1579 1161 1625 mo·

95 1673 186 1728 teret
208 1683 257 1728 ea
276 1657 457 1728 hibernis:
479 1681 519 1727 se
540 1655 684 1728 obviam
694 1677 973 1755 processurum,
994 1677 1050 1749 ut,
1073 1666 1166 1761 quid

93 1767 274 1863 regendum
291 1781 396 1854 esset,
411 1765 671 1838 'consultarent

128 1881 200 1948 11X.
225 1875 428 1963 Antiocho,
453 1874 499 1946 ad
520 1874 654 1947 Pheras
671 1876 745 1971 jam
765 1889 882 1948 castra
900 1875 1072 1968 habenti,
1095 1879 1161 1951 uhi

93 1987 356 2083 conjunxerant
374 1987 408 2057 ei
426 2010 464 2056 se
478 1985 585 2057 AEtoli
604 2000 640 2056 et
654 1986 898 2082 Amynander,
918 1986 1026 2085 legati
1038 1987 1084 2060 ab
1096 1994 1162 2062 La-

1 2129 2 2136 *
92 2099 177 2168 rissa
191 2110 393 2184 venerunt,
409 2109 631 2192 quaerentes,
651 2095 752 2192 quod
769 2094 815 2165 ad
827 2094 963 2169 factum
977 2096 1160 2172 dictumve

1 2267 2 2278 ,
91 2207 345 2280 Thessalorum
364 2206 468 2278 hello'
479 2205 670 2278 lacesseret
687 2206 775 2277 eos?
795 2205 903 2276 simul
915 2221 1082 2298 orantes,
1100 2225 1160 2297 ut,

1 2315 2 2350 ³
91 2332 233 2391 remoto
248 2319 429 2405 exercitu,
445 2340 510 2413 per
524 2316 679 2412 legatos,
699 2317 728 2385 si
744 2315 834 2413 quid
846 2305 879 2387 ei
893 2314 1094 2406 videretur,
1108 2343 1161 2390 se·

1 2443 2 2448 ’
90 2452 172 2499 cum
185 2415 414 2525 disceptaret.
429 2425 566 2496 Eodem
578 2439 744 2522 tempore
756 2426 976 2522 quingentos
988 2442 1160 2517 armatos,

90 2537 183 2610 duce
203 2533 453 2636 Hippolocho,
472 2533 603 2608 Pheras
620 2535 659 2605 in
680 2535 888 2633 praesidium
905 2535 1092 2607 miserunt.
1114 2539 1161 2609 Hi

89 2646 226 2718 exclusi
244 2646 360 2734 aditu,
379 2647 454 2740 jam
473 2646 596 2716 omnia
614 2645 745 2716 itinera
766 2641 1020 2749 obsidentibus
1034 2649 1160 2746 regiis,

88 2762 297 2829 Scotussam
320 2781 358 2828 se
384 2769 613 2854 receperunt.
638 2755 780 2852 Legatis
794 2753 801 2792 ¹·
812 2755 1064 2827 harissaeorum
1095 2783 1160 2830 rex

87 2868 289 2938 clementer
303 2865 508 2962 respondit,
528 2871 615 2938 Non
633 2863 719 2935 belli
725 2866 913 2956 faciendi,
931 2867 999 2936 secl
1014 2869 1160 2942 tuendae

87 2993 124 3047 et
137 2975 369 3049 stabiliendae
384 2975 557 3047 libertatis
578 2973 832 3044 Thessalorum
845 2999 976 3060 causa,
996 2999 1035 3045 sc
1057 2977 1160 3049 Thes·

87 3091 221 3159 saliam
243 3093 404 3157 intrasse.
427 3084 563 3156 Similia
583 3083 640 3155 his
657 3085 721 3181 qui
743 3107 827 3154 curn
849 3082 1002 3155 Pheraeis
1019 3102 1160 3182 ageret,

87 3197 229 3269 missus.
248 3197 317 3266 Cui
334 3194 437 3266 nullo
454 3194 539 3266 dato
553 3218 749 3293 responso,
769 3192 906 3264 Pheraei
918 3195 987 3290 ipsi
1001 3192 1160 3291 legatum

88 3433 602 3500 c.9;AlcaeiearmeuXX11‚ianncli.
645 3434 782 3498 suspicetur
800 3433 864 3482 Livii
889 3448 976 3498 opera,
1001 3445 1059 3498 post
1077 3436 1160 3500 Augu-

39 3513 40 3522 ’
87 3517 160 3564 Anal.
174 3526 194 3563 t.
204 3517 230 3574 1,
241 3531 268 3578 p.
279 3511 446 3575 4923Jacobt
455 3513 487 3560 ad
497 3512 600 3562 Anthol.
645 3525 725 3573 stum,
739 3515 767 3561 in
783 3513 945 3562 offensionem
962 3513 1101 3578 principum
1120 3517 1158 3564 in-

87 3598 132 3644 Gr.
146 3605 165 3644 t.
178 3597 205 3652 1,
217 3609 245 3657 p.
255 3607 349 3657 ηις.
361 3591 466 3641 361,-
476 3593 516 3640 At
534 3593 598 3656 ipso,
646 3594 762 3650 carneae,
771 3602 796 3639 et
806 3605 858 3642 tum
872 3591 905 3639 ob
918 3607 1015 3639 causam
1026 3592 1089 3639 adeo
1103 3609 1157 3640 mn-

1 3695 2 3722 t
86 3675 140 3722 scil.
151 3673 271 3740 Philippo
281 3671 500 3736 Megalopolitano.
510 3673 556 3720 En.
645 3671 713 3721 tilata
722 3671 753 3720 ad
764 3687 810 3718 nos
820 3672 967 3736 pervenisse.
977 3673 1023 3720 En.

123 3755 148 3802 3.
159 3753 236 3816 Quod
249 3752 378 3816 insepultos
393 3750 479 3799 milites
494 3751 602 3814 reliquis-
682 3761 706 3808 4.
718 3754 852 3798 Fortunam
863 3749 888 3796 in
901 3749 1001 3797 consilio
1013 3749 1139 3800 habiturus
1146 3788 1154 3811 ‚

85 3832 210 3889 set5vide
222 3832 380 3894 ad1,49,u.
398 3847 421 3878 1.
434 3857 469 3866 --
479 3829 603 3879 Abinsita
646 3831 791 3879 transiturus
804 3831 832 3876 iu
847 3846 886 3877 eas
900 3839 993 3892 partes,
1003 3829 1093 3891 quibus
1106 3831 1157 3880 for-

87 3911 186 3976 regibns
196 3911 324 3968 vanitate,
337 3911 369 3958 ah
382 3927 409 3958 ea
418 3911 538 3967 vanitate,
548 3927 602 3973 quae
646 3921 705 3958 tuna
713 3910 773 3957 belli
786 3909 926 3972 adspiraret.
941 3909 1038 3956 Confer.
1049 3911 1156 3974 Appian.

86 3991 187 4056 regibus
202 3991 276 4040 insita
292 4006 344 4038 esse
358 3989 429 4040 solet.
443 3990 526 4037 Livius
539 4006 604 4055 saeps
645 3989 663 4038 l.
678 3990 695 4036 l.
705 4017 741 4026 -
751 3988 795 4035 Ad
809 3989 844 4034 M.
854 3987 963 4036 Badium
970 4006 1000 4052 p.
1019 3987 1097 4046 mult,
1109 4002 1156 4036 etc.

86 4070 118 4118 de
128 4071 229 4135 regibus
239 4082 351 4119 veterum
359 4073 527 4120 Romanorum
537 4087 604 4118 more
648 4069 705 4117 vide
718 4085 791 4134 supra
804 4068 835 4116 ad
848 4067 938 4116 librum
947 4070 1023 4128 vm,
1040 4085 1094 4132 cap.
1111 4083 1153 4128 19,

85 4148 190 4198 liberius
207 4151 332 4215 loquium
350 4153 416 4200 unde
433 4154 470 4200 vir
491 4152 521 4199 cl.
541 4151 606 4200 Noil
648 4161 702 4198 not.
718 4164 756 4197 10.

209 4241 294 4307 VII.
491 4235 496 4264 ‘
993 4259 1011 4299 2
