2848 4958
3 511 4 514 γ
111 427 176 530 li:
188 438 238 527 331:
269 447 365 516 Lis.
390 446 572 514 xxxvi.
601 445 707 512 car.
735 445 876 513 xxxi.
905 445 1067 514 xxxu.
1114 441 1158 516 55

3 577 4 580 ’
88 567 253 657 sidione,
284 563 475 664 expeditus
504 565 604 662 ipse,
635 588 853 662 praegressus
885 587 1037 662 agmen,
1069 539 1163 636 circa

3 743 4 750 ,
87 677 308 767 Andaniam,
322 700 475 774 parvum
490 675 686 774 oppidum,
700 675 795 745 inter
807 673 1064 773 Megalopolim
1075 678 1165 746 Mes·

87 811 278 885 senenque
290 787 468 885 positum,
484 787 637 876 Quintio
651 785 809 856 occurrit
819 787 856 871 ⁴;
874 792 927 874 et,
947 808 1062 882 quum
1076 808 1164 855 cau-

3 929 4 942 *
87 922 143 970 sas
155 897 445 996 oppugnationis
458 896 897 994 exponeret‚castigatum
908 893 1047 982 leniter,
1063 894 1165 992 quod

86 1022 228 1080 tantam
241 1033 320 1080 rem
334 1009 411 1080 sine
428 1008 642 1080 auctoritate
661 1030 725 1078 sua
744 1020 895 1078 conatus
912 1020 1025 1093 esset,
1043 1003 1166 1075 dimit-

88 1132 166 1190 tere
188 1119 389 1190 exercitum
405 1114 533 1214 jussit,
550 1142 619 1189 nec
633 1141 762 1214 pacem
776 1117 942 1188 omnium
960 1115 1061 1188 hono
1081 1140 1167 1214 par-

3 1315 4 1332 ,
89 1241 164 1298 tam
182 1226 344 1300 turbare.
366 1229 553 1300 Messeniis
571 1229 783 1325 imperavit,
805 1240 848 1297 ut
863 1226 1002 1300 exsules
1021 1224 1169 1298 reduce·

90 1351 197 1428 rent,
217 1351 254 1408 et
271 1337 485 1411 Achaeorum
504 1336 649 1410 concilii
670 1351 800 1410 essent.
834 1339 871 1408 Si
895 1363 969 1435 qua
991 1335 1169 1408 haberent

3 1535 4 1544 ἵ
92 1446 136 1519 de
156 1446 297 1545 quihus
315 1462 382 1518 aut
399 1472 586 1537 recusare,
611 1463 675 1520 aut
693 1449 733 1519 in
752 1463 941 1547 posterum
962 1450 1080 1520 caveri
1100 1449 1168 1520 sibi

3 1643 4 1658 χ
92 1558 228 1630 vellent
239 1555 267 1646 ⁵,
286 1557 504 1630 Corinthum
522 1557 569 1630 ad
585 1583 623 1630 se
640 1560 819 1632 venirent.
839 1557 1069 1656 Diophanem
1087 1583 1170 1630 con·

93 1667 218 1740 cilium
238 1667 451 1739 Achaeorum
471 1669 655 1769 extemplo
671 1669 739 1742 sihi
752 1668 914 1767 proebere
926 1665 1071 1766 jussitfl.
1090 1669 1168 1757 Ihi,

94 1776 138 1848 de
157 1777 347 1874 Zacyntho
364 1779 567 1877 intercepta
586 1804 652 1878 per
674 1778 839 1852 fraudem
858 1780 978 1852 insula
1000 1796 1170 1876 questus,

94 1887 311 1984 postulavit,
334 1903 376 1960 ut
396 1891 650 1960 restitueretur
667 1892 851 1962 Romanis.
874 1889 1030 1989 Philippi
1050 1895 1169 1962 Mace-

95 1996 236 2070 donum
255 2001 350 2097 regis
365 1999 572 2097 Zacynthus
589 1999 728 2072 fuerat:
746 2025 826 2072 eam
841 2000 1047 2073 mercedem
1062 2005 1172 2098 Amy-

95 2107 242 2180 nandro
262 2109 434 2197 dederat,
458 2126 500 2182 ut
523 2135 590 2210 per
611 2110 863 2186 Athamaniam
883 2109 1016 2182 ducere
1036 2116 1171 2184 exerci·
1206 2134 1209 2140 ’
1295 2149 1301 2172 ·

96 2233 175 2289 tum
194 2220 235 2289 in
252 2220 475 2318 superiorem
498 2236 641 2318 partem
661 2221 797 2294 AEtoliae
813 2221 949 2294 liceret.
968 2226 1051 2314 Qua
1064 2249 1172 2323 expe-

3 2381 5 2430 ,
96 2330 237 2402 ditione
253 2328 374 2401 fractis
391 2332 539 2420 animis,
561 2333 697 2404 AEtolos
718 2332 895 2430 compulit
913 2332 959 2404 ad
977 2332 1174 2430 petendam

95 2465 237 2539 pacem.
264 2439 498 2538 Amynander
519 2441 727 2540 Philippum
748 2443 1096 2541 Megalopolitanum
1117 2446 1174 2514 in-

3 2603 4 2646 ,
95 2549 184 2620 sulae
205 2547 385 2647 praefecit:
406 2565 534 2648 postea
554 2576 621 2650 per
639 2551 816 2642 belluna,
836 2577 912 2649 quo
936 2579 974 2625 se
995 2554 1174 2625 Antiocho

3 2647 4 2668 ¹
95 2659 271 2730 adversus
285 2665 469 2732 Romanos
484 2663 691 2756 conjunxit,
706 2647 876 2762 Philippo
891 2663 936 2734 ad
950 2666 1074 2736 munia
1086 2664 1175 2735 belli
1270 2717 1276 2730 .

95 2784 290 2855 revocato,
303 2769 508 2841 Hieroclem
519 2773 798 2867 Agrigentinum
811 2799 1055 2846 successorem
1068 2778 1174 2847 misit.

147 2885 299 2952 XXXII.
320 2885 374 2966 ls,
398 2895 482 2978 post
512 2879 634 2977 fugam
660 2881 707 2954 ab
730 2885 982 2982 Thermopylis
1007 2886 1177 2957 Antiochi

3 2991 4 2996 ’
97 2989 451 3088 Amynandrumque
465 3014 487 3060 a
500 2989 667 3089 Philippo
683 2991 896 3064 Athamania
914 2994 1080 3092 pulsum,
1097 2999 1178 3068 mis-

98 3184 155 3218 cere
162 3187 173 3227 ;
192 3165 286 3216 Dirlrer.
301 3197 333 3206 -
347 3161 493 3215 Andaniam
504 3168 618 3218 Arcadiae
663 3165 811 3219 Achaeorum
826 3171 926 3219 concilii
939 3182 1034 3236 partem
1045 3173 1176 3237 venirent,

99 3266 162 3315 opp.
174 3247 242 3311 apud
250 3247 543 3310 strab.VI11,339‚sed
552 3244 618 3296 Mes·
662 3251 726 3299 sicut
739 3267 828 3318 supra,
846 3251 962 3316 inprInc.
973 3267 1028 3316 cap.
1041 3251 1111 3316 quod
1122 3269 1177 3302 corr·
1265 3277 1269 3289 ·

3 3363 4 3368 ,
100 3329 176 3378 seniae
189 3326 258 3392 apud
270 3327 355 3393 Steph.
369 3327 473 3390 stragia
483 3326 543 3374 olim
551 3328 618 3376 Mes·
663 3329 717 3379 ciiii
730 3347 814 3378 eorum
828 3341 952 3378 recusaret
968 3347 1027 3380 esse.
1042 3333 1088 3379 Eo.

100 3409 229 3458 seniorum
238 3406 304 3472 apud
313 3409 416 3456 raussn.
427 3407 509 3466 1v‚,1,
519 3408 550 3468 3,
570 3415 617 3468 14,
699 3403 724 3450 5.
734 3405 764 3450 ln
769 3413 896 3467 posterum
908 3419 961 3450 cao.
975 3401 1022 3450 sibi
1029 3419 1071 3459 aa,
1081 3414 1110 3451 ut
1121 3405 1160 3450 111
1170 3439 1177 3463 ,

104 3504 146 3550 17,
157 3489 228 3536 adet
240 3488 284 3535 33.
664 3481 713 3541 52,
729 3482 771 3530 55.
790 3482 841 3531 Alii
857 3499 942 3530 cavere
956 3481 1077 3530 sibissetl
1089 3483 1123 3530 ita
1140 3500 1179 3530 re·
1205 3523 1208 3526 .

139 3577 164 3625 4.
177 3565 278 3631 Qitintio
291 3565 412 3623 uomit,⁸
425 3578 459 3623 et,
473 3581 556 3630 quum,
570 3575 618 3614 etc.
664 3578 751 3610 curare
768 3577 947 3626 supervacuum
971 3560 1052 3610 videri
1078 3572 1179 3626 potest;

103 3648 169 3697 forte
179 3647 230 3712 leg.
246 3644 290 3711 qui
307 3661 395 3710 quum,
413 3644 526 3694 otu-Sed
535 3645 620 3692 Livius
662 3657 720 3689 narn
737 3642 824 3706 utique
842 3641 915 3689 etiam
937 3641 967 3688 de
980 3640 1011 3688 iis
1027 3639 1075 3688 sihi
1094 3656 1179 3688 cavere

103 3730 178 3777 etiam
190 3726 267 3785 alibi,
284 3735 314 3772 ut
327 3727 458 3784 XXXIII,
476 3732 505 3780 Ar
518 3759 526 3786 ,
544 3740 569 3771 n.
585 3725 618 3782 3,
664 3721 798 3782 volebant,
811 3737 866 3786 quae
876 3721 1010 3774 recusaturi
1020 3734 1101 3779 eruum
1112 3721 1179 3769 Dnls.

103 3805 253 3872 copulativis
277 3805 310 3852 ad
334 3803 486 3868 jungendam
512 3803 616 3852 diversa
661 3801 734 3850 eunt.
750 3802 782 3850 ad
798 3803 861 3860 VII,
881 3808 929 3859 41,
947 3817 973 3848 n.
989 3817 1014 3858 r,
1038 3811 1061 3847 et
1073 3801 1163 3847 XXIV.
1173 3841 1184 3868 ,Ι

105 3899 235 3938 sunctum
247 3885 384 3936 orationem
394 3884 480 3943 utitur,
500 3899 549 3948 qua
565 3898 618 3930 non
663 3897 693 3940 a,
708 3893 761 3930 not.
773 3883 796 3929 3.

105 3965 313 4032 satisaptorerba
324 3979 505 4027 nonnunquam
519 3962 619 4010 adnecti
700 3961 724 4009 6.
744 3961 879 4010 Concilium
891 3961 1041 4010 Achaeorum
1056 3960 1102 4008 sibi
1112 3977 1180 4023 prm·

108 4047 235 4103 videntum
244 4043 311 4092 nuk.
322 4043 394 4092 Coos.
408 4042 440 4091 ad
449 4045 490 4102 11,
502 4043 535 4091 56
544 4059 584 4103 ‚n.
598 4058 620 4101 r,
667 4043 736 4098 bem
756 4040 812 4088 vide
826 4041 858 4090 ad
870 4042 949 4100 VIII,
961 4040 985 4099 5,
1003 4056 1029 4088 n.
1043 4054 1065 4086 r.

107 4125 336 4181 ctXXV111,1n,
353 4139 379 4171 n.
393 4123 417 4170 8.
432 4149 467 4158 -
476 4121 622 4170 EtAclroeo-
703 4137 726 4180 7.
744 4123 834 4168 Postea
847 4121 1012 4184 periclitam
1031 4119 1087 4166 riae
1107 4131 1180 4180 supra

109 4222 160 4257 rum
169 4203 268 4253 concilii
281 4215 359 4252 essent
364 4239 372 4262 ,
383 4197 505 4268 eleganter
513 4219 562 4268 pro
575 4216 582 4250 ε
593 4202 621 4249 in
666 4199 697 4250 ad
708 4201 745 4260 11,
761 4203 805 4258 18,
819 4215 844 4248 n.
861 4215 884 4246 1.
