2848 4958
249 409 291 490 14
666 408 705 473 r.
730 407 872 476 mvn
1157 386 1282 488 ῧζὲῑὲἕὲῑ

245 557 262 592 α
276 525 403 614 AEtoli,
430 525 494 621 qui
520 523 727 622 Philippum
743 524 870 623 (quod
888 526 983 598 inter
999 547 1127 598 omnes
1144 529 1307 618 constat)

242 638 457 721 «vicerunt,
482 659 563 706 cum
586 633 754 732 Philippo
777 635 947 708 adversus
966 640 1149 706 Romanos
1166 659 1308 732 pugua-

241 775 258 810 a
271 745 377 818 bunt.
396 743 627 841 Amynander
645 757 753 840 atque
768 733 1011 816 Athamanum
1025 768 1132 841 geus,
1149 735 1307 841 quornm

242 853 471 928 «secundum
497 854 633 924 AEtolos
658 853 813 951 plurima
838 853 906 926 luit
932 879 1044 952 opera
1067 857 1105 925 in
1124 880 1168 926 eo
1185 854 1306 943 bello,

241 995 259 1030 «
274 963 466 1039 nobiscum
483 961 641 1035 stabunt.
662 963 847 1061 Philippus
862 979 959 1054 tum,
978 979 1013 1037 te
1034 967 1174 1062 quieto,
1194 979 1306 1037 totam

240 1075 404 1144 «molem
424 1071 623 1144 sustinebat
647 1072 757 1144 belli:
785 1099 885 1144 nnnc
912 1073 986 1146 duo
1012 1075 1157 1144 maximi
1182 1097 1305 1169 regeS,

241 1184 359 1255 «Asiae
378 1187 605 1279 Europaeque
623 1181 779 1270 viribnS,
800 1183 970 1255 adversus
993 1209 1109 1254 unum
1128 1184 1305 1282 populum

240 1294 338 1389 «(ιιῑ
360 1316 478 1363 meam
502 1306 695 1389 utramque
723 1290 905 1364 fortunam
933 1289 1139 1388 taceam5),
1162 1307 1308 1390 patrum

241 1418 369 1476 «certe
385 1416 486 1474 aetate
504 1427 550 1472 ne
569 1403 634 1472 uni
653 1403 802 1498 quidem
821 1403 1050 1498 Epirotarum
1068 1403 1143 1498 regi
1162 1425 1306 1498 parem,

173 1563 179 1580 ,
241 1545 258 1579 ιι
272 1515 286 1608 (
300 1512 389 1608 quid
416 1511 561 1582 tandem
581 1513 648 1582 erit
671 1511 859 1581 vobiscum
879 1509 1153 1608 comparatusl)
1176 1511 1307 1608 geretis

240 1624 418 1695 «bellum.
438 1624 527 1711 Quae
544 1621 653 1716 igitur
670 1644 729 1692 res
746 1620 835 1716 mihi
851 1617 1020 1690 fiduciam
1039 1618 1195 1716 praebet,
1216 1644 1303 1690 con-

239 1733 372 1831 «jungi
394 1729 500 1802 nobis
518 1728 724 1826 Philippum
741 1730 867 1827 posse?
890 1735 991 1812 Una,
1016 1732 1218 1800 communis
1236 1733 1306 1802 uti·

240 1845 367 1930 «litas,
382 1867 463 1938 qnae
477 1842 655 1912 societatis
670 1842 866 1911 maximum
881 1840 1067 1911 vinculum
1079 1855 1133 1910 est
1148 1866 1156 1908 :
1175 1840 1306 1926 altera,

240 1971 435 2026 «auctores
450 1976 515 2022 vos
530 1951 650 2022 AEtoli.
670 1957 798 2022 Vester
813 1952 909 2024 euim
928 1950 1066 2046 legatus
1085 1945 1166 2020 hic⁶
1187 1949 1307 2020 Thoas
1363 1937 1367 1950 ’

240 2069 365 2136 «inter
380 2077 525 2150 caetera,
543 2087 632 2158 quse
642 2061 689 2131 ad
706 2062 921 2137 exciendum
937 2063 975 2131 in
991 2061 1166 2132 Graeciam
1180 2061 1306 2130 Antio·

236 2209 253 2244 a
266 2176 375 2248 chum
392 2173 510 2245 dicere
527 2186 580 2244 est
598 2172 745 2257 solitus,
764 2187 847 2244 ante
866 2173 988 2242 omnia
1005 2169 1076 2242 hoc
1095 2194 1240 2268 semper
1256 2168 1308 2240 af·

239 2319 256 2354 a
268 2285 441 2369 firmavit,
460 2280 613 2352 fremere
627 2281 854 2378 Philippum,
871 2296 907 2351 et
922 2306 1012 2378 aegre
1028 2281 1124 2378 pati,
1142 2279 1209 2378 snb
1225 2303 1307 2377 spe·

239 2427 256 2460 «
269 2395 322 2466 cie
340 2392 435 2491 pacis
451 2391 547 2488 leges
566 2391 746 2462 servitutis
766 2390 834 2460 sibi
850 2391 1046 2488 impositas.
1076 2389 1140 2460 Ille
1155 2390 1306 2486 quidem

239 2537 256 2570 n
270 2503 353 2576 ferae
369 2501 491 2578 hestiae
506 2501 633 2570 vinctae
648 2516 710 2570 aut
727 2499 871 2586 clausae,
886 2514 923 2570 et
938 2497 1134 2598 refringere
1149 2500 1308 2572 claustra

274 2728 298 2777 5.
312 2727 344 2772 lle
352 2739 433 2770 meam
441 2733 569 2785 utramque
570 2721 702 2788 fortunam
712 2734 748 2770 ea·
791 2739 858 2786 seqq.
873 2723 1102 2772 conf.Victor.Var.
1114 2724 1180 2770 Lect.
1193 2725 1258 2782 XX,
1273 2741 1283 2770 1
1297 2761 1306 2782 ,

238 2825 323 2862 ceam,
337 2802 467 2852 secuudum
484 2812 508 2849 et
520 2800 654 2849 adversam.
666 2824 679 2842 «
688 2803 747 2850 Non
791 2803 847 2866 quia
862 2819 890 2849 eu
905 2818 960 2849 curu
973 2801 1034 2849 locis
1050 2801 1177 2849 Demosth.
1194 2819 1225 2850 ex
1240 2817 1308 2853 orat.

238 2889 359 2951 adsequor
380 2881 524 2931 sententiam
545 2880 634 2928 horum
659 2881 748 2929 verbo·
790 2897 838 2946 pro
853 2881 963 2946 ctesiph.
979 2881 1235 2944 comperet—Quid
1247 2894 1310 2931 ean·

148 2997 163 3008 „
237 2983 301 3016 rum.
323 2967 389 3012 Dum
407 2959 521 3010 secundis
542 2959 615 3007 rebus
634 2960 748 3008 utebatur
790 2961 846 3010 dem
853 2995 861 3018 ,
876 2973 925 3010 etc.
940 2961 1026 3024 quenti
1037 2960 1154 3008 momenti
1163 2961 1209 3008 erit
1217 2961 1309 3009 ‹nubis-

238 3043 373 3101 Hannibal,
387 3040 493 3106 populus
504 3055 619 3086 romanus
634 3041 657 3086 ei
668 3039 747 3104 impur
790 3057 845 3088 eum
863 3051 1036 3105 comparatus,
1056 3039 1110 3088 scil.
1130 3039 1237 3103 populus
1263 3058 1309 3088 ro·

238 3122 358 3174 eratzeed
375 3122 424 3168 hoo
437 3119 487 3167 dici
503 3135 555 3166 non
571 3128 747 3183 potest,post-
790 3136 891 3178 menns3
911 3119 944 3165 itu
974 3118 1048 3182 vulgo
1073 3118 1169 3182 legitur.
1195 3119 1308 3180 Quidem

236 3219 308 3270 quem
326 3215 443 3249 conversa
455 3199 552 3247 fortune
566 3213 622 3244 eum
639 3196 747 3245 adversis
790 3209 871 3246 temen
889 3207 947 3262 poet
964 3197 1062 3258 Doujat.
1085 3210 1241 3262 receperunt,
1259 3202 1311 3262 qm'

238 3281 373 3332 conflicturi
383 3278 466 3342 coepit.
476 3278 506 3324 In
520 3287 627 3324 extrema
636 3277 747 3324 oratione
791 3276 861 3340 quid,
880 3292 969 3340 nempe
989 3277 1109 3342 Pyrrhum
1129 3293 1201 3340 qnam
1214 3275 1309 3338 'conje-

236 3361 334 3426 quidem
345 3355 419 3416 dicit,
432 3372 457 3403 se
467 3371 522 3403 cum
532 3355 649 3404 Romanis
657 3355 747 3403 bellare
790 3365 883 3402 eturam
903 3356 929 3402 in
948 3367 1090 3404 contextum
1105 3355 1232 3404 admittere
1250 3372 1307 3404 non

237 3439 306 3489 benis
319 3437 367 3486 suis
385 3435 504 3499 malisque
516 3434 644 3482 didicisse:
657 3434 701 3481 sed
715 3451 746 3482 ex
790 3435 912 3483 dubitavit
921 3435 1056 3485 Creverins.
1067 3437 1113 3484 En.
1251 3487 1252 3491 ,

236 3535 266 3568 eo
278 3535 329 3566 non
341 3514 457 3572 efficitur,
467 3516 592 3562 Romanos
601 3513 669 3560 mulis
680 3513 745 3560 illiue
801 3553 804 3560 .
825 3516 850 3564 6.
862 3517 945 3561 Vester
957 3513 1021 3562 enim
1038 3514 1131 3578 legatus
1142 3512 1183 3561 hic
1204 3513 1305 3573 Thoas,

236 3599 308 3647 relius
323 3594 412 3643 bellum
427 3609 482 3641 eum
495 3609 525 3640 eo
541 3603 650 3656 gerentes
664 3591 687 3637 ei
699 3591 745 3638 im·
789 3603 836 3641 etc.
851 3592 909 3641 vide
921 3591 954 3640 ed
963 3593 1071 3652 XXXV,
1085 3594 1164 3652 Sum.
1177 3608 1201 3640 u.
1211 3596 1310 3643 —Ille

236 3695 307 3744 putee
324 3677 433 3732 sutum
455 3672 547 3720 Duker.
572 3672 617 3718 Illa
635 3669 745 3718 modeste
789 3671 885 3735 quidem
891 3671 958 3738 ferae
968 3671 1050 3718 bestia
1059 3671 1166 3726 vincere,
1180 3684 1228 3719 etc.
1236 3672 1309 3722 idem

235 3771 296 3822 puto
310 3757 375 3804 dieta
388 3770 439 3802 esse
449 3753 498 3828 hoc
511 3766 595 3800 sensu:
608 3760 635 3797 ut
645 3751 695 3810 jem
714 3750 745 3798 de
789 3751 820 3799 de
832 3751 949 3817 Philippo
962 3751 1027 3800 dixit
1035 3751 1175 3800 Alexander
1188 3754 1310 3801 Acarnan

235 3855 274 3886 me
291 3835 353 3883 nihil
375 3834 469 3890 dicam,
488 3832 532 3894 qul
549 3830 620 3878 initio
638 3829 744 3878 secunda
788 3832 898 3890 XXXV,
914 3835 953 3880 18.
964 3833 1005 3879 An
1015 3831 1097 3896 itaque
1113 3846 1160 3896 pro
1170 3830 1310 3894 illelegen-

234 3932 328 3980 semper
341 3916 455 3969 fortuna,
468 3921 492 3958 et
506 3921 632 3974 postremo
646 3909 742 3972 quidem
788 3909 847 3958 dum
866 3909 951 3958 alins?
975 3911 1024 3958 Sed
1048 3910 1133 3958 eadem
1150 3912 1311 3974 comparatio

234 3997 477 4046 adversausuesum‚
487 3986 591 4036 sednon
601 4003 653 4034 mea
663 3988 741 4051 culpe.
786 3989 899 4053 pluribus
910 3990 993 4053 potuit
1004 3991 1031 4036 in
1042 4000 1147 4036 mentem
1157 3989 1251 4047 venire,
1262 3993 1310 4040 vel

232 4075 305 4124 Cous.
316 4073 417 4122 omnino
428 4069 551 4124 XXVIII,
565 4082 594 4114 ια
604 4100 612 4126 ,
622 4076 648 4114 et
657 4069 742 4126 XXX,
786 4067 857 4116 Livio
869 4083 907 4115 res
919 4070 1047 4116 exorneuti
1061 4066 1205 4127 tribuenda,
1219 4069 1261 4132 qui
1272 4085 1310 4118 em

231 4155 273 4204 35.
284 4180 319 4192 -
331 4149 489 4215 Epirotarum
500 4145 553 4210 regi
560 4180 568 4206 ,
584 4144 688 4210 Pyrrho.
701 4145 741 4194 Ad
785 4145 866 4196 utitur
874 4146 980 4212 passim
993 4146 1044 4196 vid.
1056 4148 1167 4206 XXXV,
1183 4149 1214 4196 18
1222 4182 1229 4208 ,
1238 4163 1263 4194 n.
1276 4154 1319 4206 4„
