2848 4958
276 435 324 506 se
435 471 437 478 ·
707 437 919 504 T.L1v·11
1192 411 1313 514 ὓςὲςςὲξς

277 565 370 644 acie,
386 559 489 656 quod
499 581 581 630 eum
592 555 835 628 totmiliibus²
857 571 950 628 certe
960 562 1132 628 Boiorum
1146 579 1250 626 nemo
1259 569 1337 636 ante

276 695 316 740 se
343 676 541 767 imperator
552 672 797 766 pugnaverit:
813 666 904 764 plus
918 684 1068 766 partem
1088 668 1275 738 dimidiam
1294 689 1338 736 ex

277 784 545 877 quinquaginta
564 776 722 870 millibus
742 777 932 848 hominum
951 774 1119 866 ecesam³‚
1138 776 1251 848 multa
1264 775 1337 846 mil·

189 882 191 890 ’
277 889 327 969 lia
346 905 476 987 capta:
494 914 596 961 senes
606 912 818 986 puerosque
833 893 930 960 Boiis
946 909 1140 986 superesse.
1162 893 1288 985 Itaque
1304 885 1341 956 id

276 1024 500 1097 quemquam
517 1005 646 1070 mirari
652 1021 783 1096 posse,
800 1022 867 1068 eur
882 1004 999 1070 victor
1016 1003 1214 1084 exercitus,
1232 1016 1337 1094 quum

275 1111 414 1181 hostem
433 1115 472 1180 in
484 1111 674 1206 provincia
692 1113 873 1178 neminem
891 1107 1107 1205 reliquisset,
1122 1111 1276 1179 Romam
1288 1129 1339 1176 ve

276 1226 371 1290 nerit
386 1221 440 1290 ad
454 1219 711 1292 celebrandum
736 1216 892 1290 consulis
912 1217 1162 1314 triumphum?
1183 1219 1338 1309 (tuorum

276 1330 430 1403 militum
445 1335 480 1401 si
493 1344 529 1401 et
544 1335 582 1399 in
595 1327 673 1400 alia
680 1333 874 1425 provincia
891 1352 1002 1426 opera
1016 1333 1072 1398 uti
1083 1335 1229 1398 senatus
1241 1323 1337 1410 velit,

276 1457 357 1512 utro
385 1440 532 1511 tandem
560 1439 669 1510 modo
689 1445 932 1536 promptiores
956 1439 1010 1510 ad
1029 1435 1338 1536 aliudperieulum

276 1573 481 1646 novumque
499 1546 661 1620 laborem
680 1554 792 1619 ituros
811 1548 952 1634 credat,
971 1554 1006 1619 si
1011 1547 1202 1646 persoluta
1215 1553 1258 1618 iis
1269 1551 1339 1617 sine

276 1659 530 1730 detrectatione
544 1663 677 1755 prioris
691 1657 853 1754 periculi
875 1656 1104 1755 laborisque⁴
1128 1683 1261 1730 meroes
1280 1661 1337 1740 sit,

277 1796 327 1841 an
354 1776 387 1840 si
408 1793 510 1866 spem
526 1793 600 1866 pro
627 1793 666 1838 re
674 1769 839 1856 ferentes
861 1768 1063 1854 dimittant,
1073 1793 1160 1863 Jam
1180 1765 1291 1838 semel
1305 1770 1338 1834 in

268 1886 396 1977 prima
413 1904 478 1977 spe
498 1879 691 1975 deceptos?
710 1883 825 1962 Nam,
843 1878 947 1976 quod
965 1877 1075 1948 adse
1095 1883 1262 1962 attineat,
1276 1873 1341 1947 sibi

273 1989 402 2086 glorta
415 1995 452 2060 in
467 2013 611 2060 omnem
627 1994 743 2060 vitam
762 1988 823 2060 illo
841 1989 902 2059 die
915 1992 1003 2058 satis
1018 1983 1235 2083 quoesitum⁵
1251 2010 1337 2070 esse,

233 2165 237 2172 ,
276 2126 350 2199 quo
375 2126 415 2172 se
442 2105 564 2172 vr‘rum
591 2104 767 2198 optimum
782 2095 994 2192 judicatum
1022 2097 1076 2178 ad
1097 2097 1338 2196 accipiendam

313 2361 339 2396 α.
353 2344 427 2407 Quod
436 2360 491 2394 eum
505 2355 541 2397 tet
551 2343 628 2400 mitt„
641 2345 686 2392 MS
695 2337 789 2390 nuent.
833 2343 935 2407 Seipio,
944 2342 992 2390 boe
1008 2342 1043 2391 de
1054 2357 1102 2390 sue
1112 2343 1135 2390 ei
1145 2343 1300 2408 largitorem,
1314 2350 1339 2388 ut

277 2426 320 2490 qni
341 2440 396 2471 eam
417 2423 540 2480 millibus;
565 2421 630 2469 unde
650 2420 747 2469 Ruben.
765 2431 790 2469 et
828 2431 898 2486 repe
918 2420 1030 2468 historici
1050 2421 1077 2468 in
1096 2421 1268 2480 orationibus,
1286 2433 1340 2484 quse

277 2507 355 2553 Gron.
371 2503 436 2564 conj.
450 2512 572 2566 quoteam
583 2499 700 2556 millibus,
716 2499 788 2562 prob.
832 2500 887 2547 aliie
898 2499 1023 2558 tribuunt,
1041 2501 1118 2549 multa
1128 2501 1339 2567 exaggerent&-

253 2595 258 2603 '
276 2583 347 2634 Crev.
362 2583 402 2630 tbi
415 2581 504 2646 legitur
516 2582 542 2628 in
558 2581 619 2632 Lov'.
634 2581 668 2638 3,
684 2589 709 2628 et
722 2579 791 2643 quod
831 2579 906 2626 letius
923 2579 1013 2628 Antias·
1026 2592 1078 2629 non
1089 2581 1189 2630 videtur
1202 2597 1232 2630 eo
1247 2579 1340 2629 nomine

275 2680 330 2710 eum
350 2661 454 2710 millibus
475 2661 502 2707 in
523 2663 584 2708 Lov.
600 2676 622 2708 1.
642 2658 739 2708 Indieet
754 2661 788 2708 ite
832 2657 956 2708 notandus
975 2659 1050 2707 fuisse
1059 2679 1080 2710 u.
1109 2687 1146 2698 -
1172 2663 1235 2709 Utro
1248 2659 1340 2708 tandem

275 2741 420 2797 Cornelius,
434 2749 473 2787 tot
487 2737 789 2802 seGellospraeliointer·
832 2738 906 2786 modo
921 2737 1082 2803 promptiores
1092 2773 1152 2788 .....
1163 2739 1237 2789 inires
1254 2738 1339 2788 aedat.

275 2820 375 2878 iecisse,
388 2806 451 2882 quot
466 2833 522 2866 eum
532 2816 623 2877 Gallis,
635 2827 700 2864 certe
712 2818 789 2866 Gallie
832 2818 923 2864 Isstime
936 2833 987 2865 vox
1000 2817 1071 2866 Crev.
1085 2829 1263 2883 supernomen
1277 2817 1340 2865 vide·

274 2900 356 2958 Boiis,
366 2912 439 2946 nemo
454 2907 511 2944 ente
522 2907 654 2961 pugnaret,
664 2896 739 2946 Drak.
833 2906 891 2955 tur,
904 2905 928 2944 et
937 2895 969 2944 eb
978 2896 1026 2944 illie
1034 2897 1116 2947 addita
1127 2901 1172 2962 qui
1185 2899 1272 2962 aliqum
1279 2896 1341 2946 velut

312 2980 336 3027 3.
347 2979 404 3026 Plus
422 2993 493 3040 quam
499 2987 599 3040 partem
613 2975 741 3024 dimidiam
756 2993 789 3024 ex
832 2976 911 3024 fulcro
925 2976 973 3023 hoe
984 2987 1100 3040 putarent
1113 2979 1250 3027 membrum
1263 2991 1341 3040 egem,

275 3057 412 3106 emittitur
428 3055 552 3103 bominum
568 3071 674 3113 casam,·
687 3055 789 3104 vidend
833 3053 891 3102 dum
912 3070 964 3102 non
989 3067 1058 3118 egeat
1080 3057 1174 3121 magis,
1203 3072 1275 3121 wem
1296 3055 1340 3102 hoc

275 3139 321 3195 IV,
340 3138 387 3194 52,
400 3151 425 3184 n.
436 3137 462 3183 6.
480 3135 538 3182 Pius
543 3145 619 3198 parte
627 3133 732 3182 dimidia
741 3149 790 3182 eae-
832 3134 906 3198 paulo
920 3135 1049 3198 superius:
1066 3135 1095 3183 id
1105 3149 1253 3200 quemquam
1262 3131 1343 3182 mirari

274 3232 328 3264 sum
346 3213 451 3262 malebat
465 3216 544 3263 Gron.
559 3213 608 3260 Sed
618 3213 661 3261 vel
673 3213 709 3261 eie
726 3229 792 3278 prae·
828 3219 922 3277 posse?
934 3229 1018 3262 verim
1025 3215 1183 3266 uussirlibrie
1191 3217 1244 3266 hae
1260 3213 1342 3266 confir

273 3293 364 3344 stiterit
368 3292 426 3356 plus
431 3303 531 3356 partem
545 3291 674 3340 dimidiam
685 3308 786 3347 casum,
833 3303 913 3340 matur
930 3294 1080 3354 conjecture.
1097 3297 1143 3344 En.
1176 3295 1177 3300 ’

273 3373 342 3438 quod
353 3370 474 3435 loquendi
487 3386 563 3434 genus
573 3371 626 3435 ipse
635 3372 746 3419 Gronov.
756 3370 788 3418 ad
869 3379 893 3428 4.
902 3371 959 3420 Sine
964 3372 1139 3422 detrectatione
1143 3374 1236 3438 prioris
1242 3369 1343 3440 periculi

274 3455 382 3512 XXXI,
398 3454 445 3510 34,
460 3463 514 3500 not.
524 3466 549 3512 7,
558 3468 590 3498 ex
600 3451 626 3499 h.
638 3451 657 3499 l.
669 3450 786 3510 illustrem
832 3448 983 3516 laborisque,
1003 3464 1031 3500 ut
1043 3455 1198 3514 XXXVIII,
1210 3461 1244 3518 49
1252 3489 1260 3515 ,
1268 3453 1340 3502 detre-

273 3530 350 3580 nrak.
360 3531 465 3579 Gravius
474 3541 527 3588 eet,
537 3528 607 3594 quod
615 3528 707 3577 Duker.
717 3540 786 3578 nota-
831 3541 899 3576 ctare
907 3529 984 3587 vires,
994 3528 1116 3591 deterere,
1125 3532 1277 3592 imminuere,
1286 3546 1340 3595 pro·

274 3614 311 3661 vit
324 3627 331 3664 :
345 3635 358 3653 ιι
372 3611 397 3658 Si
407 3627 492 3659 verum
503 3621 555 3669 eet,
572 3610 697 3658 consulem
705 3609 787 3674 ipsum
830 3609 884 3672 prie
905 3608 935 3655 de
959 3609 989 3657 iis
1007 3609 1102 3674 aliquid
1119 3612 1262 3662 detrahere:
1279 3609 1341 3658 unde

274 3695 301 3739 in
311 3700 396 3738 senatu
405 3689 474 3738 hune
482 3705 609 3736 nmnerum
619 3703 737 3737 cereorum
745 3689 788 3737 ho·
831 3687 914 3734 forsan
927 3687 975 3752 leg.
989 3688 1138 3740 detractatio
1155 3703 1180 3740 et
1196 3691 1340 3740 detractare.

273 3770 348 3820 etium
357 3768 480 3826 retulisse,
496 3783 549 3816 uon
558 3766 784 3832 video,qu0modo
832 3769 924 3818 Confer
946 3780 1027 3818 temen
1051 3769 1083 3821 ed
1103 3771 1193 3820 librum
1213 3775 1267 3831 111,
1289 3786 1340 3834 cep-

272 3849 356 3907 Livio,
365 3864 419 3911 erp.
427 3848 476 3905 38,
494 3856 605 3910 suspecte
615 3862 666 3894 esee
675 3847 785 3910 potuerit
829 3849 876 3907 60,
895 3865 921 3898 n.
931 3848 957 3898 5.

272 3924 336 3976 fides
348 3927 440 3974 Valerii
459 3924 565 3972 Antiatis
577 3959 584 3982 ,
602 3925 645 3988 qui
667 3917 718 3972 XX
720 3929 743 3971 V
742 3929 786 3973 III
866 3928 890 3976 5.
900 3927 1131 3994 Sttigtoriae...itto
1140 3931 1250 3980 dietatis
1259 3925 1341 3994 quasi·

179 4053 184 4062 ,
273 4007 351 4062 millia
374 4005 490 4052 Boiorum
513 4002 629 4050 cecidisse
647 4004 783 4068 scripserat.
831 4017 881 4054 tum
895 4024 945 4055 esse
954 4007 1022 4072 (vide
1036 4010 1068 4058 ed
1083 4012 1127 4068 ΙΙ,
1148 4013 1230 4071 43,n.
1242 4009 1339 4074 7)‚q1¹⁰

274 4087 317 4132 Sin
330 4095 410 4132 eutem
420 4083 481 4146 ipse,
491 4096 541 4144 quo
550 4081 677 4141 juniorem
687 4100 783 4132 cansam
829 4086 945 4134 sevirum
956 4089 1085 4154 optimum.
1094 4102 1232 4146 ..senatus,·
1245 4084 1340 4137 vidend

239 4181 242 4186 ’
273 4162 391 4228 triumphi
411 4159 512 4226 petendi
532 4159 655 4209 videretur
671 4163 783 4211 habuisse
828 4166 934 4226 XXIX,
952 4175 993 4221 rt.
