2848 4958
268 420 313 500 ta
686 421 723 486 r.
758 416 902 488 L1v11
1181 395 1244 498 llil
1257 409 1300 497 2213

266 535 437 610 Heraclea
458 539 496 607 in
515 536 695 609 radicibus
715 543 816 610 OEtae
831 540 1014 627 montis²3
1034 542 1110 636 ipsa
1128 539 1166 609 in
1185 561 1321 634 campo,

264 671 384 720 arcem
411 648 661 719 imminentem
686 648 768 720 loco
799 649 872 720 alto
900 665 936 720 et
965 647 1129 746 undique
1159 645 1324 745 praecipiti

265 753 385 829 habet.
413 758 690 857 Contemplatus
719 760 867 844 omnia,
894 783 975 856 quae
1001 758 1184 830 noscenda
1207 769 1324 841 erant,

264 883 424 967 quatuor
443 867 550 939 simul
572 869 659 941 locis
681 869 827 965 aggredi
843 867 971 942 urbem
990 868 1195 940 constituit:
1222 889 1242 936 a
1261 863 1324 933 flu·

263 978 362 1048 mine
388 982 509 1076 Asopo
520 974 547 1061 ³,
576 993 708 1076 quaet
733 981 959 1076 gymnasium
987 993 1064 1068 est,
1085 979 1125 1048 L.
1149 975 1324 1050 Valerium
1405 991 1406 1010 ¹

263 1087 436 1186 operibus
452 1104 561 1187 atque
577 1091 842 1187 oppugnationi
858 1090 1071 1188 praeposuit:
1095 1111 1215 1159 arcem
1233 1098 1327 1156 extra

262 1222 412 1286 muros,
437 1223 518 1296 quae
537 1195 764 1295 frequentius
780 1223 914 1298 prope,
935 1223 1044 1297 quam
1066 1196 1173 1283 urbs,
1192 1194 1326 1266 habita·

261 1307 407 1396 haturt,
425 1310 477 1380 Ti.
496 1310 711 1408 Sempronio
729 1314 855 1408 Longo
873 1307 1156 1407 oppugnandam
1174 1304 1272 1377 dedit
1288 1328 1328 1371 :a

262 1420 347 1491 sinu
368 1419 521 1491 Maliaco
532 1417 559 1507 ⁵,
585 1417 666 1517 quae
685 1419 823 1490 aditum
841 1419 938 1490 baud
959 1417 1098 1489 facilem
1118 1441 1201 1514 pars
1223 1412 1328 1484 habe-

263 1528 347 1614 bat,
368 1533 416 1598 M.
435 1526 613 1615 Baebium3
638 1528 684 1600 ab
707 1529 821 1600 altero
844 1527 1043 1615 amnicum,
1059 1551 1171 1623 quern
1193 1525 1329 1596 Melana

263 1650 414 1724 vocant,
431 1636 601 1708 adversus
621 1640 745 1710 Dianae
760 1637 955 1736 templum,
971 1642 1037 1735 Ap.
1054 1636 1249 1709 Claudium
1265 1659 1329 1730 op·

263 1747 397 1843 posuit.
426 1753 567 1818 Horum
593 1772 727 1844 magno
756 1749 951 1819 certamine
979 1748 1073 1818 intra
1098 1769 1237 1843 paucos
1259 1739 1330 1812 dies

262 1868 381 1928 turres
400 1857 602 1954 arietesque
617 1872 654 1928 et
671 1857 761 1928 alius
776 1859 895 1928 omnis
911 1872 1103 1955 apparatus
1117 1875 1330 1951 oppugnan-
1352 1895 1353 1900 κ
1408 1873 1409 1930 1

264 1965 391 2036 darum
409 1966 556 2037 urbium
571 1965 779 2064 perficitur3
793 1982 830 2037 et
843 1991 957 2064 quum
973 1991 1058 2064 ager
1071 1961 1332 2039 Heracleensis,
1408 1949 1409 1968 ¹

264 2076 424 2174 paluster
445 2079 562 2146 omnis
585 2075 831 2174 frequensque
851 2079 1011 2174 proceris
1033 2074 1246 2161 arboribus,
1269 2071 1333 2142 be·

264 2187 374 2284 nigne
398 2187 445 2258 ad
467 2211 577 2258 omne
603 2211 717 2285 genus
740 2211 895 2285 operum
917 2188 1102 2262 materiam
1126 2182 1333 2283 suppedita-
1409 2167 1410 2240 ἶ

264 2295 345 2385 bat3
356 2312 456 2385 tum,
469 2297 554 2396 quia
567 2295 776 2393 refugerant
789 2298 883 2368 intra
896 2295 1032 2368 moenia
1044 2295 1170 2381 AEtoli,
1186 2294 1334 2377 deserta,

267 2429 348 2505 quae
373 2409 412 2482 in
435 2405 614 2478 vestibulo
637 2406 738 2479 urbis
761 2421 884 2494 erant,
905 2422 999 2479 tecta
1008 2402 1038 2491 ⁶,
1058 2407 1096 2475 in
1117 2406 1238 2475 varios
1252 2425 1334 2492 usus

264 2581 418 2638 transierint,
431 2581 474 2629 sed
483 2582 518 2630 its
530 2593 610 2629 nmen
622 2593 651 2629 ut
664 2583 779 2646 antiquos
822 2584 911 2630 Recte:
927 2581 971 2630 aad
980 2579 1135 2645 quatuorilla
1149 2579 1226 2628 verba
1239 2593 1291 2625 non
1303 2575 1336 2624 le-
1410 2567 1411 2574 ἶ

263 2676 349 2708 eornm
368 2676 426 2707 usus
448 2676 501 2708 non
524 2659 626 2708 omnino
643 2655 777 2708 obsolesce
822 2673 913 2725 guntur
937 2663 965 2709 in
986 2661 1049 2710 MSS
1067 2671 1092 2710 et
1116 2659 1173 2708 edd.
1196 2665 1261 2708 antt.
1283 2668 1337 2705 ante

264 2750 310 2788 ret.
324 2741 371 2787 En.
821 2741 950 2806 Magone,
965 2751 990 2788 at
1007 2757 1067 2788 mox
1085 2739 1110 2788 in
1126 2740 1187 2787 urbe
1205 2755 1253 2804 pro
1267 2737 1335 2793 urbs,¹

301 2835 326 2868 a.
345 2818 400 2866 Sita
418 2829 454 2866 est
466 2817 602 2876 Heraclea,
616 2829 664 2868 etc.
676 2818 733 2866 vide
746 2819 778 2867 ad
821 2821 887 2869 unde
908 2821 955 2885 leg.
969 2831 1092 2884 partem,
1102 2835 1154 2883 qua
1170 2831 1245 2867 extra
1259 2832 1338 2866 muros

265 2899 396 2956 mm,
408 2897 474 2956 5‚n.
485 2899 511 2946 6.
814 2898 971 2966 frequentius
974 2916 1067 2964 prope,
1079 2915 1155 2964 quam
1167 2899 1192 2947 in
1204 2899 1277 2955 urbe,
1295 2895 1337 2942 Ιια-

300 2977 324 3026 3.
334 2981 358 3025 A
356 2976 599 3044 flumineTbessaliae
608 2977 702 3042 Asopo,
710 2976 778 3040 qnod
824 2979 967 3036 litabatrtr3
983 2981 1062 3028 Gron.
1074 2978 1166 3045 probb.
1184 2977 1251 3028 Dulr.
1268 2977 1338 3026 Crev.

264 3057 291 3104 in
301 3057 364 3106 otta
375 3067 459 3104 monte
473 3055 559 3116 oritur,
573 3068 597 3104 et
610 3055 692 3103 influit
705 3057 731 3102 in
746 3056 778 3103 ai·
824 3069 849 3106 et
857 3055 933 3108 Drak.
947 3056 982 3122 (et
989 3058 1067 3107 Doer.
1082 3057 1126 3122 qui
1135 3073 1167 3105 ne
1180 3073 1259 3123 porro
1272 3070 1338 3119 aper·

225 3133 227 3140 '
263 3153 323 3184 num
342 3135 487 3194 Maliacum
503 3135 617 3184 videatur
633 3131 778 3193 Strale,
823 3148 876 3185 tum
886 3153 993 3184 errorem
1002 3149 1163 3202 propagaret,
1176 3132 1339 3184 exGronovii

263 3233 290 3282 p.
301 3216 366 3274 382,
382 3214 441 3269 428.
822 3217 963 3278 conjectura
978 3216 1060 3264 locum
1075 3213 1124 3264 sibi
1136 3217 1268 3264 restituere
1277 3214 1338 3261 bene

301 3303 325 3351 4.
341 3294 431 3340 Arcem
441 3305 514 3342 extra
524 3309 605 3340 tauros
613 3327 622 3349 ,
642 3295 713 3356 quoe,
729 3303 776 3340 etc.
821 3295 926 3345 ridetur.
935 3293 991 3358 En.)
1001 3295 1173 3344 Emendationi
1186 3295 1275 3343 favent
1285 3308 1338 3339 ver-

263 3395 277 3415 «
288 3373 447 3438 Sempronius
462 3374 546 3434 jussus
565 3373 674 3420 intentos
694 3381 777 3419 tenere
820 3374 852 3424 ba
862 3392 915 3440 cap.
926 3382 976 3433 ct,
987 3391 1047 3438 pars
1057 3392 1108 3422 una
1121 3373 1212 3440 (ipsius
1222 3373 1301 3432 urbis,
1311 3383 1337 3420 st

264 3451 361 3511 milites,
371 3451 430 3500 dum
438 3451 492 3500 atie
500 3461 548 3498 tres
556 3460 695 3514 pugnarent
704 3450 777 3508 acics,
823 3453 978 3517 suburbium)
988 3453 1012 3502 in
1022 3471 1074 3519 qua
1088 3453 1197 3520 oedificia
1213 3465 1289 3501 extra
1299 3468 1338 3498 ur-

262 3531 406 3596 signumqne
424 3540 580 3596 exspectare:
600 3544 650 3591 quo
669 3528 729 3576 dato
746 3530 777 3579 ab
821 3535 888 3592 bena,
903 3545 952 3586 etc.
967 3534 1016 3582 Sed
1033 3549 1065 3581 ex
1079 3533 1168 3580 eodem
1183 3532 1267 3598 capite
1279 3529 1339 3578 mihi

261 3629 312 3672 sua,
318 3621 387 3676 parte
396 3609 490 3673 primus
503 3607 623 3674 oppidum
637 3608 703 3672 cepit
714 3607 774 3673 (vid.
819 3614 903 3679 potius
914 3613 1002 3662 laviori
1013 3612 1150 3662 mutatione
1158 3611 1295 3675 legendum
1303 3609 1339 3655 vi·

262 3707 317 3757 cap-
338 3697 371 3743 at
392 3685 450 3752 pu).
465 3684 492 3734 Si
508 3703 567 3735 vero
583 3686 613 3735 ab
627 3703 683 3735 arce
696 3704 776 3753 oppu-
820 3692 891 3741 detur
902 3709 984 3741 arcem
993 3703 1067 3740 extra
1077 3707 1173 3747 muros,
1183 3707 1236 3754 qua
1249 3685 1340 3756 (parte)

264 3767 369 3830 gnabat‚
380 3783 434 3814 eam
452 3765 519 3816 baud
535 3765 609 3813 dubie
627 3769 701 3832 cepit.
717 3770 775 3830 Quo
811 3771 968 3838 frequentius
973 3789 1052 3837 prope
1057 3807 1065 3829 ,
1081 3787 1156 3836 quam
1167 3769 1192 3816 iu
1204 3771 1281 3825 urbe,
1297 3767 1340 3814 lta-

262 3847 338 3908 igitur
357 3855 430 3908 pecto
450 3844 525 3892 AEtoli
543 3855 629 3907 postea
647 3845 673 3892 in
693 3862 775 3894 arcem
819 3851 953 3900 ditabatur.

261 3926 344 3990 fugere
357 3926 490 3990 poterant?
506 3923 571 3991 (vid.
587 3941 640 3990 cap.
654 3924 707 3990 πά.)
722 3927 776 3975 Nisi
859 3934 882 3979 5.
899 3933 922 3977 A
940 3931 997 3977 sinu
1015 3929 1140 3983 Maliaco,
1161 3925 1192 3974 ab
1209 3937 1338 3992 asperto,

262 4004 407 4068 quisdicat,
421 4015 463 4054 aut
474 4005 543 4052 locos
555 4003 648 4054 interea
660 4017 776 4064 mutatos,
821 4025 869 4072 qua
883 4010 942 4057 nrbs
962 4010 1042 4056 sinum
1066 4005 1201 4055 Maliacum
1224 4005 1340 4070 respicit,

262 4097 305 4132 aut
315 4083 376 4137 duas
387 4085 440 4146 ejus
453 4084 542 4150 oppidi
551 4085 625 4133 fuisse
637 4101 720 4145 arces,
735 4079 777 4133 ati
820 4087 843 4134 ei
852 4088 1002 4148 obvertitur3
1014 4087 1090 4136 Drak.
1101 4087 1213 4144 ctvnt,
1229 4101 1271 4146 17,
1279 4101 1306 4131 n.
1316 4082 1339 4130 5.

263 4181 309 4228 pro
322 4180 379 4212 arce
389 4159 436 4228 leg.
446 4163 594 4215 submbium.
604 4187 616 4206 υ
633 4163 776 4214 Glareanus.
858 4169 881 4216 6.
898 4169 1015 4226 Deserta,
1030 4183 1086 4232 quoe
1096 4165 1137 4232 (ex
1150 4165 1248 4214 emend.
1260 4166 1339 4212 Groa.
