<?xml version="1.0" encoding="UTF-8"?>
<!DOCTYPE html PUBLIC "-//W3C//DTD XHTML 1.0 Transitional//EN"
    "http://www.w3.org/TR/xhtml1/DTD/xhtml1-transitional.dtd">
<html xmlns="http://www.w3.org/1999/xhtml" xml:lang="en" lang="en">
 <head>
  <title>
</title>
<meta http-equiv="Content-Type" content="text/html;charset=utf-8" />
  <meta name='ocr-system' content='tesseract 3.04.00' />
  <meta name='ocr-capabilities' content='ocr_page ocr_carea ocr_par ocr_line ocrx_word'/>
</head>
<body>
  <div class='ocr_page' id='page_1' title='image "bibliothecaclas100lemagoog_0074.png"; bbox 0 0 2848 4958; ppageno 0'>
   <div class='ocr_carea' id='block_1_1' title="bbox 12 449 14 488">
    <p class='ocr_par' dir='ltr' id='par_1_1' title="bbox 12 449 14 488">
     <span class='ocr_line' id='line_1_1' title="bbox 12 449 14 462; baseline 0 0"><span class='ocrx_word' id='word_1_1' title='bbox 12 449 14 462; x_wconf 82' lang='lat' dir='ltr'><strong>l</strong></span> 
     </span>
     <span class='ocr_line' id='line_1_2' title="bbox 12 465 14 472; baseline 0 0"><span class='ocrx_word' id='word_1_2' title='bbox 12 465 14 472; x_wconf 84' lang='lat' dir='ltr'><strong>t</strong></span> 
     </span>
     <span class='ocr_line' id='line_1_3' title="bbox 13 481 14 488; baseline 0 0"><span class='ocrx_word' id='word_1_3' title='bbox 13 481 14 488; x_wconf 79' lang='lat' dir='ltr'><strong>t</strong></span> 
     </span>
    </p>
   </div>
   <div class='ocr_carea' id='block_1_2' title="bbox 127 430 1181 553">
    <p class='ocr_par' dir='ltr' id='par_1_2' title="bbox 127 430 1181 553">
     <span class='ocr_line' id='line_1_4' title="bbox 127 430 1181 553; baseline -0.005 -20"><span class='ocrx_word' id='word_1_4' title='bbox 127 430 191 534; x_wconf 67' lang='lat' dir='ltr'><strong>tt:</strong></span> <span class='ocrx_word' id='word_1_5' title='bbox 205 443 254 534; x_wconf 71' lang='lat' dir='ltr'><strong>a:</strong></span> <span class='ocrx_word' id='word_1_6' title='bbox 299 451 385 524; x_wconf 80' lang='lat' dir='ltr'><strong>nn.</strong></span> <span class='ocrx_word' id='word_1_7' title='bbox 413 453 577 524; x_wconf 83' lang='lat' dir='ltr'><strong>xxxvi.</strong></span> <span class='ocrx_word' id='word_1_8' title='bbox 606 441 703 523; x_wconf 74' lang='lat' dir='ltr'><strong>eia.</strong></span> <span class='ocrx_word' id='word_1_9' title='bbox 730 453 892 522; x_wconf 84' lang='lat' dir='ltr'><strong>xxxiv.</strong></span> <span class='ocrx_word' id='word_1_10' title='bbox 918 454 1064 523; x_wconf 83' lang='lat' dir='ltr'><strong>xxxv.</strong></span> <span class='ocrx_word' id='word_1_11' title='bbox 1133 453 1181 553; x_wconf 79' lang='lat'><strong>59</strong></span> 
     </span>
    </p>
   </div>
   <div class='ocr_carea' id='block_1_3' title="bbox 100 572 1180 784">
    <p class='ocr_par' dir='ltr' id='par_1_3' title="bbox 100 572 1180 784">
     <span class='ocr_line' id='line_1_5' title="bbox 102 572 1180 676; baseline 0.005 -30"><span class='ocrx_word' id='word_1_12' title='bbox 102 574 223 646; x_wconf 80' lang='lat' dir='ltr'><strong>«nihil</strong></span> <span class='ocrx_word' id='word_1_13' title='bbox 242 572 281 644; x_wconf 91' lang='lat' dir='ltr'><strong>id</strong></span> <span class='ocrx_word' id='word_1_14' title='bbox 299 599 521 674; x_wconf 87' lang='lat' dir='ltr'><strong>magnopere</strong></span> <span class='ocrx_word' id='word_1_15' title='bbox 538 575 585 646; x_wconf 91' lang='lat' dir='ltr'><strong>ad</strong></span> <span class='ocrx_word' id='word_1_16' title='bbox 604 599 782 670; x_wconf 82' lang='lat' dir='ltr'><strong>summam</strong></span> <span class='ocrx_word' id='word_1_17' title='bbox 800 599 879 648; x_wconf 87' lang='lat' dir='ltr'><strong>rem</strong></span> <span class='ocrx_word' id='word_1_18' title='bbox 893 576 1078 676; x_wconf 90' lang='lat' dir='ltr'><strong>pertinere</strong></span> <span class='ocrx_word' id='word_1_19' title='bbox 1093 601 1180 652; x_wconf 83' lang='lat' dir='ltr'><strong>ceu·</strong></span> 
     </span>
     <span class='ocr_line' id='line_1_6' title="bbox 100 686 1177 784; baseline 0.009 -34"><span class='ocrx_word' id='word_1_20' title='bbox 100 686 244 756; x_wconf 72' lang='lat' dir='ltr'><strong>«sesl»</strong></span> <span class='ocrx_word' id='word_1_21' title='bbox 264 689 437 758; x_wconf 82' lang='lat' dir='ltr'><strong>Erexerat</strong></span> <span class='ocrx_word' id='word_1_22' title='bbox 458 687 727 784; x_wconf 85' lang='lat' dir='ltr'><strong>exspectatione</strong></span> <span class='ocrx_word' id='word_1_23' title='bbox 745 686 954 775; x_wconf 72' lang='lat' dir='ltr'><strong>consulem,</strong></span> <span class='ocrx_word' id='word_1_24' title='bbox 971 702 1028 774; x_wconf 83' lang='lat' dir='ltr'><strong>et,</strong></span> <span class='ocrx_word' id='word_1_25' title='bbox 1048 690 1177 779; x_wconf 75' lang='lat' dir='ltr'><strong>«Quin</strong></span> 
     </span>
    </p>
   </div>
   <div class='ocr_carea' id='block_1_4' title="bbox 10 794 1175 893">
    <p class='ocr_par' dir='ltr' id='par_1_4' title="bbox 10 794 1175 893">
     <span class='ocr_line' id='line_1_7' title="bbox 10 794 1175 893; baseline 0.008 -34"><span class='ocrx_word' id='word_1_26' title='bbox 10 799 12 810; x_wconf 82' lang='grc'><strong>“</strong></span> <span class='ocrx_word' id='word_1_27' title='bbox 100 794 340 892; x_wconf 75' lang='lat' dir='ltr'><strong>«expromis,</strong></span> <span class='ocrx_word' id='word_1_28' title='bbox 365 797 508 892; x_wconf 91' lang='lat' dir='ltr'><strong>inquit,</strong></span> <span class='ocrx_word' id='word_1_29' title='bbox 536 794 625 893; x_wconf 91' lang='lat' dir='ltr'><strong>quid</strong></span> <span class='ocrx_word' id='word_1_30' title='bbox 650 797 705 868; x_wconf 90' lang='lat' dir='ltr'><strong>rei</strong></span> <span class='ocrx_word' id='word_1_31' title='bbox 734 797 833 870; x_wconf 75' lang='lat' dir='ltr'><strong>siti»</strong></span> <span class='ocrx_word' id='word_1_32' title='bbox 858 801 951 869; x_wconf 92' lang='lat' dir='ltr'><strong>Tum</strong></span> <span class='ocrx_word' id='word_1_33' title='bbox 977 798 1175 888; x_wconf 81' lang='lat' dir='ltr'><strong>Quintius:</strong></span> 
     </span>
    </p>
   </div>
   <div class='ocr_carea' id='block_1_5' title="bbox 97 903 1178 1445">
    <p class='ocr_par' dir='ltr' id='par_1_5' title="bbox 97 903 1178 1445">
     <span class='ocr_line' id='line_1_8' title="bbox 98 903 1178 1002; baseline 0.004 -28"><span class='ocrx_word' id='word_1_34' title='bbox 98 903 274 1002; x_wconf 76' lang='lat' dir='ltr'><strong>«Ecquid</strong></span> <span class='ocrx_word' id='word_1_35' title='bbox 295 904 416 995; x_wconf 84' lang='lat' dir='ltr'><strong>vides,</strong></span> <span class='ocrx_word' id='word_1_36' title='bbox 435 921 492 993; x_wconf 88' lang='lat' dir='ltr'><strong>te,</strong></span> <span class='ocrx_word' id='word_1_37' title='bbox 516 905 658 978; x_wconf 87' lang='lat' dir='ltr'><strong>devicto</strong></span> <span class='ocrx_word' id='word_1_38' title='bbox 674 906 877 997; x_wconf 88' lang='lat' dir='ltr'><strong>Antiocho,</strong></span> <span class='ocrx_word' id='word_1_39' title='bbox 897 909 936 978; x_wconf 88' lang='lat' dir='ltr'><strong>in</strong></span> <span class='ocrx_word' id='word_1_40' title='bbox 955 906 1099 980; x_wconf 87' lang='lat' dir='ltr'><strong>duabus</strong></span> <span class='ocrx_word' id='word_1_41' title='bbox 1117 932 1178 978; x_wconf 90' lang='lat' dir='ltr'><strong>ur·</strong></span> 
     </span>
     <span class='ocr_line' id='line_1_9' title="bbox 97 1014 1178 1115; baseline 0.005 -32"><span class='ocrx_word' id='word_1_42' title='bbox 97 1046 113 1082; x_wconf 77' lang='grc' dir='ltr'>α</span> <span class='ocrx_word' id='word_1_43' title='bbox 127 1014 242 1086; x_wconf 91' lang='lat' dir='ltr'><strong>bibus</strong></span> <span class='ocrx_word' id='word_1_44' title='bbox 256 1015 512 1113; x_wconf 84' lang='lat' dir='ltr'><strong>oppugnandis</strong></span> <span class='ocrx_word' id='word_1_45' title='bbox 528 1023 673 1114; x_wconf 87' lang='lat' dir='ltr'><strong>tempus</strong></span> <span class='ocrx_word' id='word_1_46' title='bbox 688 1030 825 1107; x_wconf 89' lang='lat' dir='ltr'><strong>terere,</strong></span> <span class='ocrx_word' id='word_1_47' title='bbox 840 1017 1046 1114; x_wconf 42' lang='lat' dir='ltr'><strong>quumfjam</strong></span> <span class='ocrx_word' id='word_1_48' title='bbox 1062 1039 1178 1115; x_wconf 87' lang='lat' dir='ltr'><strong>prope</strong></span> 
     </span>
     <span class='ocr_line' id='line_1_10' title="bbox 98 1126 1177 1224; baseline 0.005 -33"><span class='ocrx_word' id='word_1_49' title='bbox 98 1149 251 1198; x_wconf 70' lang='lat' dir='ltr'><strong>«annus</strong></span> <span class='ocrx_word' id='word_1_50' title='bbox 277 1127 518 1198; x_wconf 85' lang='lat' dir='ltr'><strong>circumactus</strong></span> <span class='ocrx_word' id='word_1_51' title='bbox 545 1128 592 1197; x_wconf 91' lang='lat' dir='ltr'><strong>sit</strong></span> <span class='ocrx_word' id='word_1_52' title='bbox 612 1128 756 1224; x_wconf 89' lang='lat' dir='ltr'><strong>imperii</strong></span> <span class='ocrx_word' id='word_1_53' title='bbox 782 1128 860 1198; x_wconf 84' lang='lat' dir='ltr'><strong>tuil</strong></span> <span class='ocrx_word' id='word_1_54' title='bbox 881 1126 1091 1224; x_wconf 90' lang='lat' dir='ltr'><strong>Philippum</strong></span> <span class='ocrx_word' id='word_1_55' title='bbox 1112 1151 1177 1197; x_wconf 90' lang='lat' dir='ltr'><strong>au-</strong></span> 
     </span>
     <span class='ocr_line' id='line_1_11' title="bbox 99 1236 1177 1335; baseline 0.001 -28"><span class='ocrx_word' id='word_1_56' title='bbox 99 1251 228 1325; x_wconf 73' lang='lat' dir='ltr'><strong>«tem,</strong></span> <span class='ocrx_word' id='word_1_57' title='bbox 248 1237 407 1335; x_wconf 91' lang='lat' dir='ltr'><strong>quinon</strong></span> <span class='ocrx_word' id='word_1_58' title='bbox 426 1237 560 1326; x_wconf 89' lang='lat' dir='ltr'><strong>aciem,</strong></span> <span class='ocrx_word' id='word_1_59' title='bbox 577 1262 654 1309; x_wconf 90' lang='lat' dir='ltr'><strong>non</strong></span> <span class='ocrx_word' id='word_1_60' title='bbox 673 1239 774 1334; x_wconf 89' lang='lat' dir='ltr'><strong>signa</strong></span> <span class='ocrx_word' id='word_1_61' title='bbox 793 1236 955 1310; x_wconf 90' lang='lat' dir='ltr'><strong>hostium</strong></span> <span class='ocrx_word' id='word_1_62' title='bbox 971 1238 1078 1326; x_wconf 85' lang='lat' dir='ltr'><strong>vidit,</strong></span> <span class='ocrx_word' id='word_1_63' title='bbox 1100 1262 1177 1308; x_wconf 90' lang='lat' dir='ltr'><strong>non</strong></span> 
     </span>
     <span class='ocr_line' id='line_1_12' title="bbox 99 1343 1178 1445; baseline 0.002 -29"><span class='ocrx_word' id='word_1_64' title='bbox 99 1375 116 1409; x_wconf 79' lang='grc' dir='ltr'>ι</span> <span class='ocrx_word' id='word_1_65' title='bbox 129 1345 251 1417; x_wconf 89' lang='lat' dir='ltr'><strong>solum</strong></span> <span class='ocrx_word' id='word_1_66' title='bbox 270 1343 381 1418; x_wconf 90' lang='lat' dir='ltr'><strong>urbes</strong></span> <span class='ocrx_word' id='word_1_67' title='bbox 395 1401 405 1435; x_wconf 94' lang='lat'><strong>,</strong></span> <span class='ocrx_word' id='word_1_68' title='bbox 425 1346 489 1418; x_wconf 88' lang='lat' dir='ltr'><strong>sed</strong></span> <span class='ocrx_word' id='word_1_69' title='bbox 500 1360 557 1418; x_wconf 89' lang='lat' dir='ltr'><strong>tot</strong></span> <span class='ocrx_word' id='word_1_70' title='bbox 567 1348 643 1443; x_wconf 86' lang='lat' dir='ltr'><strong>jam</strong></span> <span class='ocrx_word' id='word_1_71' title='bbox 656 1359 798 1445; x_wconf 79' lang='lat' dir='ltr'><strong>gentes,</strong></span> <span class='ocrx_word' id='word_1_72' title='bbox 812 1346 1082 1435; x_wconf 83' lang='lat' dir='ltr'><strong>Athamaniam,</strong></span> <span class='ocrx_word' id='word_1_73' title='bbox 1099 1352 1178 1419; x_wconf 84' lang='lat' dir='ltr'><strong>Per·</strong></span> 
     </span>
    </p>
   </div>
   <div class='ocr_carea' id='block_1_6' title="bbox 7 1455 1177 1555">
    <p class='ocr_par' dir='ltr' id='par_1_6' title="bbox 7 1455 1177 1555">
     <span class='ocr_line' id='line_1_13' title="bbox 7 1455 1177 1555; baseline 0.007 -35"><span class='ocrx_word' id='word_1_74' title='bbox 7 1497 8 1504; x_wconf 23' lang='grc' dir='ltr'><strong>κ</strong></span> <span class='ocrx_word' id='word_1_75' title='bbox 101 1455 324 1544; x_wconf 78' lang='lat' dir='ltr'><strong>«rhaebiam‚</strong></span> <span class='ocrx_word' id='word_1_76' title='bbox 350 1459 603 1555; x_wconf 84' lang='lat' dir='ltr'><strong>Aperantiam,</strong></span> <span class='ocrx_word' id='word_1_77' title='bbox 629 1458 824 1555; x_wconf 88' lang='lat' dir='ltr'><strong>Dolopiam</strong></span> <span class='ocrx_word' id='word_1_78' title='bbox 847 1457 916 1530; x_wconf 90' lang='lat' dir='ltr'><strong>sibi</strong></span> <span class='ocrx_word' id='word_1_79' title='bbox 943 1457 1177 1554; x_wconf 83' lang='lat' dir='ltr'><strong>adjunxisse?</strong></span> 
     </span>
    </p>
   </div>
   <div class='ocr_carea' id='block_1_7' title="bbox 43 1566 1175 1666">
    <p class='ocr_par' dir='ltr' id='par_1_7' title="bbox 43 1566 1175 1666">
     <span class='ocr_line' id='line_1_14' title="bbox 43 1566 1175 1666; baseline 0.007 -36"><span class='ocrx_word' id='word_1_80' title='bbox 43 1619 52 1628; x_wconf 92' lang='lat'><strong><em>.</em></strong></span> <span class='ocrx_word' id='word_1_81' title='bbox 100 1569 245 1666; x_wconf 86' lang='lat' dir='ltr'><strong>«Atqui</strong></span> <span class='ocrx_word' id='word_1_82' title='bbox 266 1593 342 1640; x_wconf 89' lang='lat' dir='ltr'><strong>non</strong></span> <span class='ocrx_word' id='word_1_83' title='bbox 363 1581 507 1638; x_wconf 89' lang='lat' dir='ltr'><strong>tantum</strong></span> <span class='ocrx_word' id='word_1_84' title='bbox 528 1570 680 1640; x_wconf 88' lang='lat' dir='ltr'><strong>interest</strong></span> <span class='ocrx_word' id='word_1_85' title='bbox 700 1582 843 1657; x_wconf 89' lang='lat' dir='ltr'><strong>nostra,</strong></span> <span class='ocrx_word' id='word_1_86' title='bbox 863 1566 1064 1638; x_wconf 86' lang='lat' dir='ltr'><strong>AEtolorum</strong></span> <span class='ocrx_word' id='word_1_87' title='bbox 1085 1591 1175 1664; x_wconf 90' lang='lat' dir='ltr'><strong>opes</strong></span> 
     </span>
    </p>
   </div>
   <div class='ocr_carea' id='block_1_8' title="bbox 6 1676 1174 1776">
    <p class='ocr_par' dir='ltr' id='par_1_8' title="bbox 6 1676 1174 1776">
     <span class='ocr_line' id='line_1_15' title="bbox 6 1676 1174 1776; baseline -0.003 -28"><span class='ocrx_word' id='word_1_88' title='bbox 6 1734 7 1774; x_wconf 66' lang='lat'>3</span> <span class='ocrx_word' id='word_1_89' title='bbox 99 1709 115 1742; x_wconf 79' lang='grc' dir='ltr'>ι</span> <span class='ocrx_word' id='word_1_90' title='bbox 128 1703 170 1750; x_wconf 90' lang='lat' dir='ltr'><strong>ac</strong></span> <span class='ocrx_word' id='word_1_91' title='bbox 186 1681 281 1750; x_wconf 87' lang='lat' dir='ltr'><strong>vires</strong></span> <span class='ocrx_word' id='word_1_92' title='bbox 296 1679 428 1768; x_wconf 88' lang='lat' dir='ltr'><strong>minui,</strong></span> <span class='ocrx_word' id='word_1_93' title='bbox 447 1693 646 1776; x_wconf 81' lang='lat' dir='ltr'><strong>quantum,</strong></span> <span class='ocrx_word' id='word_1_94' title='bbox 660 1703 737 1750; x_wconf 92' lang='lat' dir='ltr'><strong>non</strong></span> <span class='ocrx_word' id='word_1_95' title='bbox 752 1676 1026 1775; x_wconf 90' lang='lat' dir='ltr'><strong>supramodum</strong></span> <span class='ocrx_word' id='word_1_96' title='bbox 1043 1676 1174 1774; x_wconf 91' lang='lat' dir='ltr'><strong>Philip-</strong></span> 
     </span>
    </p>
   </div>
   <div class='ocr_carea' id='block_1_9' title="bbox 100 1787 1175 1887">
    <p class='ocr_par' dir='ltr' id='par_1_9' title="bbox 100 1787 1175 1887">
     <span class='ocr_line' id='line_1_16' title="bbox 100 1787 1175 1887; baseline -0.003 -27"><span class='ocrx_word' id='word_1_97' title='bbox 100 1821 115 1852; x_wconf 81' lang='grc' dir='ltr'><strong>α</strong></span> <span class='ocrx_word' id='word_1_98' title='bbox 129 1813 218 1886; x_wconf 91' lang='lat' dir='ltr'><strong>pum</strong></span> <span class='ocrx_word' id='word_1_99' title='bbox 242 1787 420 1874; x_wconf 84' lang='lat' dir='ltr'><strong>erescere,</strong></span> <span class='ocrx_word' id='word_1_100' title='bbox 438 1804 475 1861; x_wconf 89' lang='lat' dir='ltr'><strong>et</strong></span> <span class='ocrx_word' id='word_1_101' title='bbox 497 1791 653 1860; x_wconf 85' lang='lat' dir='ltr'><strong>victoriae</strong></span> <span class='ocrx_word' id='word_1_102' title='bbox 670 1804 741 1860; x_wconf 85' lang='lat' dir='ltr'><strong>tuae</strong></span> <span class='ocrx_word' id='word_1_103' title='bbox 760 1789 948 1887; x_wconf 63' lang='lat' dir='ltr'><strong>praemium</strong></span> <span class='ocrx_word' id='word_1_104' title='bbox 970 1803 1006 1858; x_wconf 89' lang='lat' dir='ltr'><strong>te</strong></span> <span class='ocrx_word' id='word_1_105' title='bbox 1027 1788 1175 1858; x_wconf 89' lang='lat' dir='ltr'><strong>milites-</strong></span> 
     </span>
    </p>
   </div>
   <div class='ocr_carea' id='block_1_10' title="bbox 5 1898 1174 1998">
    <p class='ocr_par' dir='ltr' id='par_1_10' title="bbox 5 1898 1174 1998">
     <span class='ocr_line' id='line_1_17' title="bbox 5 1898 1174 1998; baseline -0.003 -24"><span class='ocrx_word' id='word_1_106' title='bbox 5 1971 6 1974; x_wconf 63' lang='lat'><strong>,</strong></span> <span class='ocrx_word' id='word_1_107' title='bbox 100 1931 115 1965; x_wconf 74' lang='grc' dir='ltr'>α</span> <span class='ocrx_word' id='word_1_108' title='bbox 129 1925 206 1996; x_wconf 91' lang='lat' dir='ltr'><strong>que</strong></span> <span class='ocrx_word' id='word_1_109' title='bbox 223 1915 307 1976; x_wconf 90' lang='lat' dir='ltr'><strong>tuos</strong></span> <span class='ocrx_word' id='word_1_110' title='bbox 325 1898 492 1971; x_wconf 90' lang='lat' dir='ltr'><strong>nondum</strong></span> <span class='ocrx_word' id='word_1_111' title='bbox 507 1899 596 1972; x_wconf 91' lang='lat' dir='ltr'><strong>duas</strong></span> <span class='ocrx_word' id='word_1_112' title='bbox 612 1899 743 1990; x_wconf 89' lang='lat' dir='ltr'><strong>urbes,</strong></span> <span class='ocrx_word' id='word_1_113' title='bbox 758 1900 964 1998; x_wconf 73' lang='lat' dir='ltr'><strong>Philippum</strong></span> <span class='ocrx_word' id='word_1_114' title='bbox 980 1912 1034 1970; x_wconf 89' lang='lat' dir='ltr'><strong>tot</strong></span> <span class='ocrx_word' id='word_1_115' title='bbox 1048 1912 1174 1995; x_wconf 90' lang='lat' dir='ltr'><strong>gentes</strong></span> 
     </span>
    </p>
   </div>
   <div class='ocr_carea' id='block_1_11' title="bbox 99 2008 1175 2219">
    <p class='ocr_par' dir='ltr' id='par_1_11' title="bbox 99 2008 1175 2219">
     <span class='ocr_line' id='line_1_18' title="bbox 99 2008 498 2081; baseline 0.003 -1"><span class='ocrx_word' id='word_1_116' title='bbox 99 2040 115 2072; x_wconf 87' lang='lat'>«</span> <span class='ocrx_word' id='word_1_117' title='bbox 128 2011 278 2080; x_wconf 81' lang='lat' dir='ltr'><strong>Graeciae</strong></span> <span class='ocrx_word' id='word_1_118' title='bbox 296 2008 455 2081; x_wconf 68' lang='lat' dir='ltr'><strong>haberet</strong></span> <span class='ocrx_word' id='word_1_119' title='bbox 469 2041 498 2081; x_wconf 73' lang='grc' dir='ltr'><strong>ιι.</strong></span> 
     </span>
     <span class='ocr_line' id='line_1_19' title="bbox 146 2117 1175 2219; baseline -0.002 -30"><span class='ocrx_word' id='word_1_120' title='bbox 146 2123 293 2190; x_wconf 90' lang='lat' dir='ltr'>XXXV.</span> <span class='ocrx_word' id='word_1_121' title='bbox 314 2118 589 2192; x_wconf 88' lang='lat' dir='ltr'><strong>Assentiebatur</strong></span> <span class='ocrx_word' id='word_1_122' title='bbox 606 2121 659 2192; x_wconf 91' lang='lat' dir='ltr'><strong>his</strong></span> <span class='ocrx_word' id='word_1_123' title='bbox 676 2122 824 2192; x_wconf 90' lang='lat' dir='ltr'><strong>consul:</strong></span> <span class='ocrx_word' id='word_1_124' title='bbox 846 2119 910 2192; x_wconf 89' lang='lat' dir='ltr'><strong>sed</strong></span> <span class='ocrx_word' id='word_1_125' title='bbox 928 2117 1065 2219; x_wconf 89' lang='lat' dir='ltr'><strong>pudor,</strong></span> <span class='ocrx_word' id='word_1_126' title='bbox 1088 2119 1118 2188; x_wconf 91' lang='lat' dir='ltr'><strong>si</strong></span> <span class='ocrx_word' id='word_1_127' title='bbox 1134 2119 1175 2188; x_wconf 93' lang='lat' dir='ltr'><strong>ir-</strong></span> 
     </span>
    </p>
   </div>
   <div class='ocr_carea' id='block_1_12' title="bbox 4 2225 1173 2327">
    <p class='ocr_par' dir='ltr' id='par_1_12' title="bbox 4 2225 1173 2327">
     <span class='ocr_line' id='line_1_20' title="bbox 4 2225 1173 2327; baseline 0.003 -33"><span class='ocrx_word' id='word_1_128' title='bbox 4 2225 5 2294; x_wconf 73' lang='lat'>}</span> <span class='ocrx_word' id='word_1_129' title='bbox 98 2231 169 2300; x_wconf 92' lang='lat' dir='ltr'><strong>rito</strong></span> <span class='ocrx_word' id='word_1_130' title='bbox 195 2233 342 2327; x_wconf 91' lang='lat' dir='ltr'><strong>incepto</strong></span> <span class='ocrx_word' id='word_1_131' title='bbox 363 2229 572 2302; x_wconf 86' lang='lat' dir='ltr'><strong>abscederet</strong></span> <span class='ocrx_word' id='word_1_132' title='bbox 592 2229 801 2318; x_wconf 91' lang='lat' dir='ltr'><strong>obsidione,</strong></span> <span class='ocrx_word' id='word_1_133' title='bbox 818 2229 1069 2302; x_wconf 83' lang='lat' dir='ltr'><strong>occurrebat¹.</strong></span> <span class='ocrx_word' id='word_1_134' title='bbox 1083 2233 1173 2298; x_wconf 89' lang='lat' dir='ltr'><strong>Tota</strong></span> 
     </span>
    </p>
   </div>
   <div class='ocr_carea' id='block_1_13' title="bbox 96 2338 1172 2440">
    <p class='ocr_par' dir='ltr' id='par_1_13' title="bbox 96 2338 1172 2440">
     <span class='ocr_line' id='line_1_21' title="bbox 96 2338 1172 2440; baseline -0.002 -31"><span class='ocrx_word' id='word_1_135' title='bbox 96 2340 185 2411; x_wconf 90' lang='lat' dir='ltr'><strong>inde</strong></span> <span class='ocrx_word' id='word_1_136' title='bbox 203 2343 356 2433; x_wconf 87' lang='lat' dir='ltr'><strong>Quintio</strong></span> <span class='ocrx_word' id='word_1_137' title='bbox 375 2366 433 2412; x_wconf 92' lang='lat' dir='ltr'><strong>res</strong></span> <span class='ocrx_word' id='word_1_138' title='bbox 453 2343 626 2440; x_wconf 87' lang='lat' dir='ltr'><strong>permissa</strong></span> <span class='ocrx_word' id='word_1_139' title='bbox 645 2355 709 2413; x_wconf 91' lang='lat' dir='ltr'><strong>est.</strong></span> <span class='ocrx_word' id='word_1_140' title='bbox 731 2347 766 2412; x_wconf 92' lang='lat' dir='ltr'><strong>Is</strong></span> <span class='ocrx_word' id='word_1_141' title='bbox 784 2365 909 2412; x_wconf 89' lang='lat' dir='ltr'><strong>rursus</strong></span> <span class='ocrx_word' id='word_1_142' title='bbox 927 2338 973 2411; x_wconf 92' lang='lat' dir='ltr'><strong>ad</strong></span> <span class='ocrx_word' id='word_1_143' title='bbox 994 2363 1073 2409; x_wconf 90' lang='lat' dir='ltr'><strong>eam</strong></span> <span class='ocrx_word' id='word_1_144' title='bbox 1092 2363 1172 2436; x_wconf 90' lang='lat' dir='ltr'><strong>par-</strong></span> 
     </span>
    </p>
   </div>
   <div class='ocr_carea' id='block_1_14' title="bbox 97 2449 1170 2550">
    <p class='ocr_par' dir='ltr' id='par_1_14' title="bbox 3 2449 1170 2550">
     <span class='ocr_line' id='line_1_22' title="bbox 97 2449 1170 2550; baseline 0.003 -32.758"><span class='ocrx_word' id='word_1_145' title='bbox 97 2466 172 2522; x_wconf 91' lang='lat' dir='ltr'><strong>tem</strong></span> <span class='ocrx_word' id='word_1_146' title='bbox 189 2452 303 2541; x_wconf 90' lang='lat' dir='ltr'><strong>muri,</strong></span> <span class='ocrx_word' id='word_1_147' title='bbox 325 2476 398 2550; x_wconf 90' lang='lat' dir='ltr'><strong>qua</strong></span> <span class='ocrx_word' id='word_1_148' title='bbox 422 2452 532 2549; x_wconf 90' lang='lat' dir='ltr'><strong>paulo</strong></span> <span class='ocrx_word' id='word_1_149' title='bbox 556 2466 640 2523; x_wconf 90' lang='lat' dir='ltr'><strong>ante</strong></span> <span class='ocrx_word' id='word_1_150' title='bbox 667 2451 854 2524; x_wconf 86' lang='lat' dir='ltr'><strong>vociferati</strong></span> <span class='ocrx_word' id='word_1_151' title='bbox 874 2451 982 2522; x_wconf 86' lang='lat' dir='ltr'><strong>AEtoli</strong></span> <span class='ocrx_word' id='word_1_152' title='bbox 1004 2449 1170 2534; x_wconf 82' lang='lat' dir='ltr'><strong>fuerant,</strong></span> 
     </span>
    </p>
   </div>
   <div class='ocr_carea' id='block_1_15' title="bbox 95 2559 1213 3102">
    <p class='ocr_par' dir='ltr' id='par_1_15' title="bbox 95 2559 1213 3102">
     <span class='ocr_line' id='line_1_23' title="bbox 95 2559 1170 2660; baseline -0.004 -28"><span class='ocrx_word' id='word_1_153' title='bbox 95 2562 214 2632; x_wconf 90' lang='lat' dir='ltr'><strong>rediit.</strong></span> <span class='ocrx_word' id='word_1_154' title='bbox 238 2559 293 2632; x_wconf 90' lang='lat' dir='ltr'><strong>Ibi</strong></span> <span class='ocrx_word' id='word_1_155' title='bbox 319 2587 435 2659; x_wconf 90' lang='lat' dir='ltr'><strong>quum</strong></span> <span class='ocrx_word' id='word_1_156' title='bbox 459 2563 658 2660; x_wconf 90' lang='lat' dir='ltr'><strong>impensius</strong></span> <span class='ocrx_word' id='word_1_157' title='bbox 686 2578 854 2646; x_wconf 87' lang='lat' dir='ltr'><strong>orarent,</strong></span> <span class='ocrx_word' id='word_1_158' title='bbox 874 2575 916 2632; x_wconf 83' lang='lat' dir='ltr'><strong>ut</strong></span> <span class='ocrx_word' id='word_1_159' title='bbox 937 2562 1170 2631; x_wconf 89' lang='lat' dir='ltr'><strong>misereretur</strong></span> 
     </span>
     <span class='ocr_line' id='line_1_24' title="bbox 95 2671 1170 2771; baseline 0.001 -30"><span class='ocrx_word' id='word_1_160' title='bbox 95 2673 214 2767; x_wconf 90' lang='lat' dir='ltr'><strong>gentis</strong></span> <span class='ocrx_word' id='word_1_161' title='bbox 232 2673 453 2761; x_wconf 86' lang='lat' dir='ltr'><strong>AEtolorum,</strong></span> <span class='ocrx_word' id='word_1_162' title='bbox 471 2674 569 2745; x_wconf 88' lang='lat' dir='ltr'><strong>exire</strong></span> <span class='ocrx_word' id='word_1_163' title='bbox 588 2673 731 2771; x_wconf 91' lang='lat' dir='ltr'><strong>aliquos</strong></span> <span class='ocrx_word' id='word_1_164' title='bbox 749 2674 794 2745; x_wconf 88' lang='lat' dir='ltr'><strong>ad</strong></span> <span class='ocrx_word' id='word_1_165' title='bbox 811 2699 849 2746; x_wconf 91' lang='lat' dir='ltr'><strong>se</strong></span> <span class='ocrx_word' id='word_1_166' title='bbox 861 2673 980 2769; x_wconf 86' lang='lat' dir='ltr'><strong>jussit.</strong></span> <span class='ocrx_word' id='word_1_167' title='bbox 999 2671 1170 2742; x_wconf 84' lang='lat' dir='ltr'><strong>Phaeneas</strong></span> 
     </span>
     <span class='ocr_line' id='line_1_25' title="bbox 96 2781 1169 2882; baseline 0.003 -34"><span class='ocrx_word' id='word_1_168' title='bbox 96 2782 175 2877; x_wconf 91' lang='lat' dir='ltr'><strong>ipse</strong></span> <span class='ocrx_word' id='word_1_169' title='bbox 194 2783 452 2879; x_wconf 88' lang='lat' dir='ltr'><strong>principesque</strong></span> <span class='ocrx_word' id='word_1_170' title='bbox 470 2782 529 2852; x_wconf 90' lang='lat' dir='ltr'><strong>alii</strong></span> <span class='ocrx_word' id='word_1_171' title='bbox 548 2785 733 2882; x_wconf 86' lang='lat' dir='ltr'><strong>extemplo</strong></span> <span class='ocrx_word' id='word_1_172' title='bbox 752 2787 886 2882; x_wconf 90' lang='lat' dir='ltr'><strong>egressi</strong></span> <span class='ocrx_word' id='word_1_173' title='bbox 907 2799 1003 2855; x_wconf 92' lang='lat' dir='ltr'><strong>sunt.</strong></span> <span class='ocrx_word' id='word_1_174' title='bbox 1026 2781 1169 2872; x_wconf 89' lang='lat' dir='ltr'><strong>Quibus</strong></span> 
     </span>
     <span class='ocr_line' id='line_1_26' title="bbox 95 2890 1213 2991; baseline 0.001 -31"><span class='ocrx_word' id='word_1_175' title='bbox 95 2893 299 2988; x_wconf 80' lang='lat' dir='ltr'><strong>provolutis</strong></span> <span class='ocrx_word' id='word_1_176' title='bbox 319 2892 364 2963; x_wconf 92' lang='lat' dir='ltr'><strong>ad</strong></span> <span class='ocrx_word' id='word_1_177' title='bbox 387 2891 517 2990; x_wconf 89' lang='lat' dir='ltr'><strong>pedes,</strong></span> <span class='ocrx_word' id='word_1_178' title='bbox 541 2899 748 2982; x_wconf 81' lang='lat' dir='ltr'><strong>«Fortuna,</strong></span> <span class='ocrx_word' id='word_1_179' title='bbox 770 2896 908 2991; x_wconf 89' lang='lat' dir='ltr'><strong>inquit,</strong></span> <span class='ocrx_word' id='word_1_180' title='bbox 926 2906 1046 2964; x_wconf 87' lang='lat' dir='ltr'><strong>vestra</strong></span> <span class='ocrx_word' id='word_1_181' title='bbox 1065 2890 1169 2977; x_wconf 86' lang='lat' dir='ltr'><strong>facit,</strong></span> <span class='ocrx_word' id='word_1_182' title='bbox 1210 2893 1213 2900; x_wconf 75' lang='grc'><strong>“</strong></span> 
     </span>
     <span class='ocr_line' id='line_1_27' title="bbox 95 3003 1168 3102; baseline 0 -29"><span class='ocrx_word' id='word_1_183' title='bbox 95 3031 113 3066; x_wconf 89' lang='lat'>«</span> <span class='ocrx_word' id='word_1_184' title='bbox 129 3016 169 3073; x_wconf 91' lang='lat' dir='ltr'><strong>ut</strong></span> <span class='ocrx_word' id='word_1_185' title='bbox 197 3015 235 3072; x_wconf 92' lang='lat' dir='ltr'><strong>et</strong></span> <span class='ocrx_word' id='word_1_186' title='bbox 256 3003 327 3074; x_wconf 83' lang='lat' dir='ltr'><strong>irae</strong></span> <span class='ocrx_word' id='word_1_187' title='bbox 351 3027 441 3074; x_wconf 84' lang='lat' dir='ltr'><strong>meae</strong></span> <span class='ocrx_word' id='word_1_188' title='bbox 472 3017 509 3074; x_wconf 91' lang='lat' dir='ltr'><strong>et</strong></span> <span class='ocrx_word' id='word_1_189' title='bbox 537 3004 693 3075; x_wconf 92' lang='lat' dir='ltr'><strong>orationi</strong></span> <span class='ocrx_word' id='word_1_190' title='bbox 720 3019 933 3102; x_wconf 87' lang='lat' dir='ltr'><strong>temperem.</strong></span> <span class='ocrx_word' id='word_1_191' title='bbox 957 3007 1168 3074; x_wconf 88' lang='lat' dir='ltr'><strong>Evenerunt</strong></span> 
     </span>
    </p>
   </div>
   <div class='ocr_carea' id='block_1_16' title="bbox 94 3186 1263 3253">
    <p class='ocr_par' dir='ltr' id='par_1_16' title="bbox 94 3186 1263 3253">
     <span class='ocr_line' id='line_1_28' title="bbox 94 3186 1263 3253; baseline 0 -19"><span class='ocrx_word' id='word_1_192' title='bbox 94 3201 193 3240; x_wconf 86' lang='lat' dir='ltr'><strong>sensum</strong></span> <span class='ocrx_word' id='word_1_193' title='bbox 214 3187 288 3248; x_wconf 83' lang='lat' dir='ltr'><strong>hujus</strong></span> <span class='ocrx_word' id='word_1_194' title='bbox 305 3187 356 3236; x_wconf 86' lang='lat' dir='ltr'><strong>loci</strong></span> <span class='ocrx_word' id='word_1_195' title='bbox 377 3189 497 3253; x_wconf 81' lang='lat' dir='ltr'><strong>explicat:</strong></span> <span class='ocrx_word' id='word_1_196' title='bbox 517 3189 610 3238; x_wconf 84' lang='lat' dir='ltr'><strong>Nonne</strong></span> <span class='ocrx_word' id='word_1_197' title='bbox 653 3198 721 3252; x_wconf 79' lang='lat' dir='ltr'><strong>patet</strong></span> <span class='ocrx_word' id='word_1_198' title='bbox 738 3204 770 3235; x_wconf 82' lang='lat' dir='ltr'><strong>ex</strong></span> <span class='ocrx_word' id='word_1_199' title='bbox 787 3188 868 3236; x_wconf 85' lang='lat' dir='ltr'><strong>citatis</strong></span> <span class='ocrx_word' id='word_1_200' title='bbox 886 3187 959 3236; x_wconf 89' lang='lat' dir='ltr'><strong>loeis.</strong></span> <span class='ocrx_word' id='word_1_201' title='bbox 972 3186 1031 3236; x_wconf 80' lang='lat' dir='ltr'><strong>vid.</strong></span> <span class='ocrx_word' id='word_1_202' title='bbox 1052 3197 1167 3236; x_wconf 69' lang='lat' dir='ltr'><strong>caeterum</strong></span> <span class='ocrx_word' id='word_1_203' title='bbox 1260 3198 1263 3208; x_wconf 93' lang='grc'><strong><em>·</em></strong></span> 
     </span>
    </p>
   </div>
   <div class='ocr_carea' id='block_1_17' title="bbox 91 3264 1170 4285">
    <p class='ocr_par' dir='ltr' id='par_1_17' title="bbox 93 3264 1165 3652">
     <span class='ocr_line' id='line_1_29' title="bbox 94 3264 1164 3332; baseline 0.005 -22"><span class='ocrx_word' id='word_1_204' title='bbox 94 3264 175 3313; x_wconf 86' lang='lat' dir='ltr'><strong>adhuc</strong></span> <span class='ocrx_word' id='word_1_205' title='bbox 188 3267 317 3332; x_wconf 81' lang='lat' dir='ltr'><strong>respexisti</strong></span> <span class='ocrx_word' id='word_1_206' title='bbox 329 3268 361 3315; x_wconf 87' lang='lat' dir='ltr'><strong>ad</strong></span> <span class='ocrx_word' id='word_1_207' title='bbox 374 3281 533 3332; x_wconf 85' lang='lat' dir='ltr'><strong>progressus,</strong></span> <span class='ocrx_word' id='word_1_208' title='bbox 547 3283 609 3331; x_wconf 88' lang='lat' dir='ltr'><strong>quos</strong></span> <span class='ocrx_word' id='word_1_209' title='bbox 653 3269 711 3315; x_wconf 85' lang='lat' dir='ltr'><strong>Em.</strong></span> <span class='ocrx_word' id='word_1_210' title='bbox 725 3268 793 3317; x_wconf 82' lang='lat' dir='ltr'><strong>Clav.</strong></span> <span class='ocrx_word' id='word_1_211' title='bbox 806 3268 860 3318; x_wconf 88' lang='lat' dir='ltr'><strong>Cic.</strong></span> <span class='ocrx_word' id='word_1_212' title='bbox 873 3267 919 3315; x_wconf 88' lang='lat' dir='ltr'><strong>sub</strong></span> <span class='ocrx_word' id='word_1_213' title='bbox 936 3283 992 3316; x_wconf 83' lang='lat' dir='ltr'><strong>voe.</strong></span> <span class='ocrx_word' id='word_1_214' title='bbox 1003 3283 1105 3316; x_wconf 78' lang='lat' dir='ltr'><strong>sumina.</strong></span> <span class='ocrx_word' id='word_1_215' title='bbox 1117 3269 1164 3315; x_wconf 83' lang='lat' dir='ltr'><strong>En.</strong></span> 
     </span>
     <span class='ocr_line' id='line_1_30' title="bbox 93 3343 1165 3412; baseline 0.004 -22"><span class='ocrx_word' id='word_1_216' title='bbox 93 3343 125 3390; x_wconf 85' lang='lat' dir='ltr'><strong>ad</strong></span> <span class='ocrx_word' id='word_1_217' title='bbox 135 3345 273 3408; x_wconf 84' lang='lat' dir='ltr'><strong>augendam</strong></span> <span class='ocrx_word' id='word_1_218' title='bbox 282 3348 418 3410; x_wconf 81' lang='lat' dir='ltr'><strong>potentiam</strong></span> <span class='ocrx_word' id='word_1_219' title='bbox 432 3347 560 3412; x_wconf 86' lang='lat' dir='ltr'><strong>Philippus</strong></span> <span class='ocrx_word' id='word_1_220' title='bbox 573 3347 608 3393; x_wconf 80' lang='lat' dir='ltr'><strong>fa-</strong></span> <span class='ocrx_word' id='word_1_221' title='bbox 652 3373 688 3383; x_wconf 89' lang='lat'><em>-</em></span> <span class='ocrx_word' id='word_1_222' title='bbox 697 3349 823 3395; x_wconf 75' lang='lat' dir='ltr'><strong>meerat</strong></span> <span class='ocrx_word' id='word_1_223' title='bbox 836 3347 1018 3412; x_wconf 71' lang='lat' dir='ltr'><strong>exspectatione</strong></span> <span class='ocrx_word' id='word_1_224' title='bbox 1032 3363 1054 3394; x_wconf 80' lang='lat' dir='ltr'><strong>c.</strong></span> <span class='ocrx_word' id='word_1_225' title='bbox 1067 3346 1124 3394; x_wconf 82' lang='lat' dir='ltr'><strong>vide</strong></span> <span class='ocrx_word' id='word_1_226' title='bbox 1132 3346 1165 3394; x_wconf 91' lang='lat' dir='ltr'><strong>ad</strong></span> 
     </span>
     <span class='ocr_line' id='line_1_31' title="bbox 93 3421 1163 3492; baseline 0.005 -22"><span class='ocrx_word' id='word_1_227' title='bbox 93 3425 141 3481; x_wconf 87' lang='lat' dir='ltr'><strong>eit,</strong></span> <span class='ocrx_word' id='word_1_228' title='bbox 155 3424 215 3472; x_wconf 89' lang='lat' dir='ltr'><strong>dum</strong></span> <span class='ocrx_word' id='word_1_229' title='bbox 228 3437 256 3473; x_wconf 89' lang='lat' dir='ltr'><strong>tu</strong></span> <span class='ocrx_word' id='word_1_230' title='bbox 268 3426 295 3473; x_wconf 92' lang='lat' dir='ltr'><strong>in</strong></span> <span class='ocrx_word' id='word_1_231' title='bbox 308 3426 403 3475; x_wconf 83' lang='lat' dir='ltr'><strong>duabus</strong></span> <span class='ocrx_word' id='word_1_232' title='bbox 413 3421 516 3475; x_wconf 85' lang='lat' dir='ltr'><strong>urbibus</strong></span> <span class='ocrx_word' id='word_1_233' title='bbox 527 3443 608 3492; x_wconf 86' lang='lat' dir='ltr'><strong>oppu·</strong></span> <span class='ocrx_word' id='word_1_234' title='bbox 652 3430 688 3485; x_wconf 86' lang='lat'><strong>11,</strong></span> <span class='ocrx_word' id='word_1_235' title='bbox 699 3429 747 3484; x_wconf 76' lang='lat'><strong>54,</strong></span> <span class='ocrx_word' id='word_1_236' title='bbox 761 3442 787 3476; x_wconf 88' lang='lat' dir='ltr'><strong>n.</strong></span> <span class='ocrx_word' id='word_1_237' title='bbox 799 3427 948 3490; x_wconf 80' lang='lat' dir='ltr'><strong>ra.-Quin</strong></span> <span class='ocrx_word' id='word_1_238' title='bbox 959 3427 1097 3491; x_wconf 75' lang='lat' dir='ltr'><strong>expromis3</strong></span> <span class='ocrx_word' id='word_1_239' title='bbox 1106 3426 1163 3475; x_wconf 85' lang='lat' dir='ltr'><strong>vido</strong></span> 
     </span>
     <span class='ocr_line' id='line_1_32' title="bbox 93 3504 1164 3570; baseline 0.001 -18"><span class='ocrx_word' id='word_1_240' title='bbox 93 3504 197 3567; x_wconf 69' lang='lat' dir='ltr'><strong>gasindis</strong></span> <span class='ocrx_word' id='word_1_241' title='bbox 206 3515 304 3570; x_wconf 85' lang='lat' dir='ltr'><strong>tempus</strong></span> <span class='ocrx_word' id='word_1_242' title='bbox 313 3508 371 3554; x_wconf 84' lang='lat' dir='ltr'><strong>teris</strong></span> <span class='ocrx_word' id='word_1_243' title='bbox 381 3509 392 3556; x_wconf 76' lang='lat' dir='ltr'><strong>P</strong></span> <span class='ocrx_word' id='word_1_244' title='bbox 402 3523 520 3570; x_wconf 78' lang='lat' dir='ltr'><strong>anquam</strong></span> <span class='ocrx_word' id='word_1_245' title='bbox 530 3506 605 3566; x_wconf 83' lang='lat' dir='ltr'><strong>bene,</strong></span> <span class='ocrx_word' id='word_1_246' title='bbox 652 3505 685 3556; x_wconf 81' lang='lat' dir='ltr'><strong>sd</strong></span> <span class='ocrx_word' id='word_1_247' title='bbox 698 3508 813 3565; x_wconf 81' lang='lat' dir='ltr'>XXVII,</span> <span class='ocrx_word' id='word_1_248' title='bbox 829 3513 878 3569; x_wconf 72' lang='grc'><strong>49,</strong></span> <span class='ocrx_word' id='word_1_249' title='bbox 896 3524 923 3555; x_wconf 87' lang='grc' dir='ltr'><strong>ιι.</strong></span> <span class='ocrx_word' id='word_1_250' title='bbox 946 3507 961 3554; x_wconf 84' lang='grc'><em>5</em></span> <span class='ocrx_word' id='word_1_251' title='bbox 970 3540 979 3565; x_wconf 90' lang='grc'><em>,</em></span> <span class='ocrx_word' id='word_1_252' title='bbox 1002 3517 1027 3554; x_wconf 86' lang='lat' dir='ltr'><strong>et</strong></span> <span class='ocrx_word' id='word_1_253' title='bbox 1048 3507 1164 3566; x_wconf 79' lang='lat' dir='ltr'>XXXII,</span> 
     </span>
     <span class='ocr_line' id='line_1_33' title="bbox 93 3583 773 3652; baseline 0.001 -21"><span class='ocrx_word' id='word_1_254' title='bbox 93 3599 148 3647; x_wconf 71' lang='lat' dir='ltr'><strong>quae</strong></span> <span class='ocrx_word' id='word_1_255' title='bbox 163 3583 244 3644; x_wconf 86' lang='lat' dir='ltr'><strong>fiunt,</strong></span> <span class='ocrx_word' id='word_1_256' title='bbox 260 3586 410 3652; x_wconf 84' lang='lat' dir='ltr'><strong>perspicias,</strong></span> <span class='ocrx_word' id='word_1_257' title='bbox 427 3603 487 3634; x_wconf 86' lang='lat' dir='ltr'><strong>num</strong></span> <span class='ocrx_word' id='word_1_258' title='bbox 501 3587 559 3646; x_wconf 82' lang='lat' dir='ltr'><strong>illa,</strong></span> <span class='ocrx_word' id='word_1_259' title='bbox 570 3601 607 3636; x_wconf 85' lang='lat' dir='ltr'><strong>re·</strong></span> <span class='ocrx_word' id='word_1_260' title='bbox 654 3587 684 3634; x_wconf 75' lang='lat' dir='ltr'><strong>Sa</strong></span> <span class='ocrx_word' id='word_1_261' title='bbox 695 3620 702 3646; x_wconf 94' lang='lat'><strong>,</strong></span> <span class='ocrx_word' id='word_1_262' title='bbox 712 3602 737 3632; x_wconf 91' lang='lat' dir='ltr'><strong>n.</strong></span> <span class='ocrx_word' id='word_1_263' title='bbox 751 3602 773 3632; x_wconf 91' lang='lat'><strong>1.</strong></span> 
     </span>
    </p>

    <p class='ocr_par' dir='ltr' id='par_1_18' title="bbox 91 3665 1165 4132">
     <span class='ocr_line' id='line_1_34' title="bbox 92 3665 1165 3731; baseline 0.005 -22"><span class='ocrx_word' id='word_1_264' title='bbox 92 3675 179 3727; x_wconf 85' lang='lat' dir='ltr'><strong>spectu</strong></span> <span class='ocrx_word' id='word_1_265' title='bbox 190 3681 291 3712; x_wconf 82' lang='lat' dir='ltr'><strong>summae</strong></span> <span class='ocrx_word' id='word_1_266' title='bbox 300 3665 442 3729; x_wconf 76' lang='lat' dir='ltr'><strong>reipublicae</strong></span> <span class='ocrx_word' id='word_1_267' title='bbox 453 3665 551 3724; x_wconf 84' lang='lat' dir='ltr'><strong>habito,</strong></span> <span class='ocrx_word' id='word_1_268' title='bbox 564 3681 608 3730; x_wconf 85' lang='lat' dir='ltr'><strong>pa·</strong></span> <span class='ocrx_word' id='word_1_269' title='bbox 687 3675 712 3723; x_wconf 72' lang='grc'><strong>4,</strong></span> <span class='ocrx_word' id='word_1_270' title='bbox 723 3667 840 3716; x_wconf 82' lang='lat' dir='ltr'><strong>Nondum</strong></span> <span class='ocrx_word' id='word_1_271' title='bbox 850 3669 913 3717; x_wconf 80' lang='lat' dir='ltr'><strong>duas</strong></span> <span class='ocrx_word' id='word_1_272' title='bbox 926 3670 1010 3726; x_wconf 81' lang='lat' dir='ltr'><strong>urbes,</strong></span> <span class='ocrx_word' id='word_1_273' title='bbox 1026 3667 1165 3731; x_wconf 75' lang='lat' dir='ltr'><strong>Philippum</strong></span> 
     </span>
     <span class='ocr_line' id='line_1_35' title="bbox 91 3743 1165 3814; baseline 0.004 -25"><span class='ocrx_word' id='word_1_274' title='bbox 91 3759 146 3790; x_wconf 86' lang='lat' dir='ltr'><strong>rum</strong></span> <span class='ocrx_word' id='word_1_275' title='bbox 155 3743 263 3792; x_wconf 80' lang='lat' dir='ltr'><strong>curanda</strong></span> <span class='ocrx_word' id='word_1_276' title='bbox 272 3760 323 3792; x_wconf 85' lang='lat' dir='ltr'><strong>esse</strong></span> <span class='ocrx_word' id='word_1_277' title='bbox 332 3759 416 3792; x_wconf 84' lang='lat' dir='ltr'><strong>censes</strong></span> <span class='ocrx_word' id='word_1_278' title='bbox 424 3747 435 3792; x_wconf 76' lang='lat' dir='ltr'><strong>P</strong></span> <span class='ocrx_word' id='word_1_279' title='bbox 444 3745 608 3807; x_wconf 75' lang='lat' dir='ltr'><strong>lin-Quum</strong></span> <span class='ocrx_word' id='word_1_280' title='bbox 652 3759 689 3796; x_wconf 83' lang='lat' dir='ltr'><strong>tot</strong></span> <span class='ocrx_word' id='word_1_281' title='bbox 698 3758 798 3813; x_wconf 81' lang='lat' dir='ltr'><strong>gentes:</strong></span> <span class='ocrx_word' id='word_1_282' title='bbox 811 3747 923 3811; x_wconf 83' lang='lat' dir='ltr'><strong>quaedam</strong></span> <span class='ocrx_word' id='word_1_283' title='bbox 934 3747 991 3796; x_wconf 84' lang='lat' dir='ltr'><strong>edd.</strong></span> <span class='ocrx_word' id='word_1_284' title='bbox 1005 3747 1114 3795; x_wconf 86' lang='lat' dir='ltr'><strong>nondum</strong></span> <span class='ocrx_word' id='word_1_285' title='bbox 1127 3758 1165 3814; x_wconf 82' lang='lat' dir='ltr'><strong>tot</strong></span> 
     </span>
     <span class='ocr_line' id='line_1_36' title="bbox 92 3822 1163 3894; baseline 0.005 -25"><span class='ocrx_word' id='word_1_286' title='bbox 92 3823 152 3870; x_wconf 81' lang='lat' dir='ltr'><strong>satis</strong></span> <span class='ocrx_word' id='word_1_287' title='bbox 166 3822 310 3886; x_wconf 59' lang='lat' dir='ltr'><strong>pervideam</strong></span> <span class='ocrx_word' id='word_1_288' title='bbox 325 3823 356 3874; x_wconf 81' lang='lat' dir='ltr'><strong>al.</strong></span> <span class='ocrx_word' id='word_1_289' title='bbox 365 3823 504 3888; x_wconf 79' lang='lat' dir='ltr'><strong>provideas.</strong></span> <span class='ocrx_word' id='word_1_290' title='bbox 516 3825 607 3873; x_wconf 84' lang='lat' dir='ltr'><strong>Confer</strong></span> <span class='ocrx_word' id='word_1_291' title='bbox 652 3827 732 3883; x_wconf 74' lang='lat' dir='ltr'><strong>urbes,</strong></span> <span class='ocrx_word' id='word_1_292' title='bbox 749 3837 810 3891; x_wconf 77' lang='lat' dir='ltr'><strong>qamt</strong></span> <span class='ocrx_word' id='word_1_293' title='bbox 826 3827 965 3893; x_wconf 77' lang='lat' dir='ltr'><strong>Philippum</strong></span> <span class='ocrx_word' id='word_1_294' title='bbox 979 3838 1075 3894; x_wconf 79' lang='lat' dir='ltr'><strong>gentes,</strong></span> <span class='ocrx_word' id='word_1_295' title='bbox 1089 3827 1163 3892; x_wconf 85' lang='lat' dir='ltr'><strong>prob.</strong></span> 
     </span>
     <span class='ocr_line' id='line_1_37' title="bbox 92 3900 1164 3964; baseline 0.006 -16"><span class='ocrx_word' id='word_1_296' title='bbox 92 3900 124 3947; x_wconf 84' lang='lat' dir='ltr'><strong>ad</strong></span> <span class='ocrx_word' id='word_1_297' title='bbox 135 3902 216 3950; x_wconf 85' lang='lat' dir='ltr'><strong>Tacit.</strong></span> <span class='ocrx_word' id='word_1_298' title='bbox 231 3904 299 3950; x_wconf 86' lang='lat' dir='ltr'><strong>Anu.</strong></span> <span class='ocrx_word' id='word_1_299' title='bbox 313 3904 350 3962; x_wconf 86' lang='lat'><strong>11,</strong></span> <span class='ocrx_word' id='word_1_300' title='bbox 368 3917 393 3962; x_wconf 84' lang='lat'><strong>7,</strong></span> <span class='ocrx_word' id='word_1_301' title='bbox 407 3919 434 3951; x_wconf 88' lang='lat' dir='ltr'><strong>n.</strong></span> <span class='ocrx_word' id='word_1_302' title='bbox 454 3919 478 3951; x_wconf 84' lang='lat' dir='ltr'><strong>a.</strong></span> <span class='ocrx_word' id='word_1_303' title='bbox 488 3929 524 3941; x_wconf 89' lang='lat'><em>-</em></span> <span class='ocrx_word' id='word_1_304' title='bbox 536 3905 609 3954; x_wconf 79' lang='lat' dir='ltr'><strong>Nihil</strong></span> <span class='ocrx_word' id='word_1_305' title='bbox 651 3906 730 3955; x_wconf 85' lang='lat' dir='ltr'><strong>Gron.</strong></span> <span class='ocrx_word' id='word_1_306' title='bbox 743 3907 791 3955; x_wconf 85' lang='lat' dir='ltr'><strong>sed</strong></span> <span class='ocrx_word' id='word_1_307' title='bbox 805 3906 964 3958; x_wconf 80' lang='lat' dir='ltr'><strong>adversantur</strong></span> <span class='ocrx_word' id='word_1_308' title='bbox 976 3909 1055 3964; x_wconf 83' lang='lat' dir='ltr'><strong>MSS,</strong></span> <span class='ocrx_word' id='word_1_309' title='bbox 1066 3918 1091 3955; x_wconf 89' lang='lat' dir='ltr'><strong>et</strong></span> <span class='ocrx_word' id='word_1_310' title='bbox 1106 3907 1164 3954; x_wconf 73' lang='lat' dir='ltr'><strong>dius</strong></span> 
     </span>
     <span class='ocr_line' id='line_1_38' title="bbox 92 3970 1163 4054; baseline 0.014 -36"><span class='ocrx_word' id='word_1_311' title='bbox 92 3970 121 4018; x_wconf 86' lang='lat' dir='ltr'><strong>id</strong></span> <span class='ocrx_word' id='word_1_312' title='bbox 128 3989 278 4038; x_wconf 78' lang='lat' dir='ltr'><strong>rnagnopere</strong></span> <span class='ocrx_word' id='word_1_313' title='bbox 288 3974 326 4020; x_wconf 84' lang='lat' dir='ltr'><strong>ad</strong></span> <span class='ocrx_word' id='word_1_314' title='bbox 336 3989 456 4022; x_wconf 85' lang='lat' dir='ltr'><strong>summam</strong></span> <span class='ocrx_word' id='word_1_315' title='bbox 468 3991 520 4023; x_wconf 86' lang='lat' dir='ltr'><strong>rem</strong></span> <span class='ocrx_word' id='word_1_316' title='bbox 528 3978 606 4040; x_wconf 81' lang='lat' dir='ltr'><strong>perti·</strong></span> <span class='ocrx_word' id='word_1_317' title='bbox 651 3987 720 4033; x_wconf 68' lang='lat' dir='ltr'><strong>urbes</strong></span> <span class='ocrx_word' id='word_1_318' title='bbox 728 3997 786 4034; x_wconf 90' lang='lat' dir='ltr'><strong>sunt</strong></span> <span class='ocrx_word' id='word_1_319' title='bbox 794 3987 911 4036; x_wconf 81' lang='lat' dir='ltr'><strong>Heraclea</strong></span> <span class='ocrx_word' id='word_1_320' title='bbox 917 3999 1055 4054; x_wconf 79' lang='lat' dir='ltr'><strong>expugnata</strong></span> <span class='ocrx_word' id='word_1_321' title='bbox 1064 4003 1092 4033; x_wconf 85' lang='lat' dir='ltr'><strong>ac</strong></span> <span class='ocrx_word' id='word_1_322' title='bbox 1100 3988 1163 4036; x_wconf 85' lang='lat' dir='ltr'><strong>Nuu-</strong></span> 
     </span>
     <span class='ocr_line' id='line_1_39' title="bbox 92 4053 940 4132; baseline 0.007 -22"><span class='ocrx_word' id='word_1_323' title='bbox 92 4066 166 4110; x_wconf 66' lang='lat' dir='ltr'><strong>nem</strong></span> <span class='ocrx_word' id='word_1_324' title='bbox 178 4053 230 4101; x_wconf 70' lang='lat' dir='ltr'><strong>Vid-</strong></span> <span class='ocrx_word' id='word_1_325' title='bbox 245 4055 299 4112; x_wconf 86' lang='lat'><strong>111,</strong></span> <span class='ocrx_word' id='word_1_326' title='bbox 309 4053 336 4112; x_wconf 85' lang='lat'><strong>5,</strong></span> <span class='ocrx_word' id='word_1_327' title='bbox 356 4053 426 4132; x_wconf 58' lang='lat'><strong>¹¹2⁶·</strong></span> <span class='ocrx_word' id='word_1_328' title='bbox 441 4067 466 4104; x_wconf 70' lang='grc' dir='ltr'><strong>θῑ</strong></span> <span class='ocrx_word' id='word_1_329' title='bbox 474 4057 603 4116; x_wconf 59' lang='lat' dir='ltr'>XXXIII,</span> <span class='ocrx_word' id='word_1_330' title='bbox 650 4077 736 4129; x_wconf 82' lang='lat' dir='ltr'><strong>paetus</strong></span> <span class='ocrx_word' id='word_1_331' title='bbox 745 4066 841 4114; x_wconf 89' lang='lat' dir='ltr'><strong>obsessa</strong></span> <span class='ocrx_word' id='word_1_332' title='bbox 850 4084 857 4126; x_wconf 79' lang='lat'>3</span> <span class='ocrx_word' id='word_1_333' title='bbox 866 4067 940 4116; x_wconf 85' lang='lat' dir='ltr'><strong>Drak.</strong></span> 
     </span>
    </p>

    <p class='ocr_par' dir='ltr' id='par_1_19' title="bbox 92 4131 1170 4285">
     <span class='ocr_line' id='line_1_40' title="bbox 93 4131 1170 4210; baseline 0.004 -24"><span class='ocrx_word' id='word_1_334' title='bbox 93 4131 142 4189; x_wconf 71' lang='grc'><strong>45,</strong></span> <span class='ocrx_word' id='word_1_335' title='bbox 160 4143 214 4182; x_wconf 71' lang='grc' dir='ltr'><strong>ὓθῑ·</strong></span> <span class='ocrx_word' id='word_1_336' title='bbox 237 4149 260 4181; x_wconf 87' lang='lat'><strong>¹·</strong></span> <span class='ocrx_word' id='word_1_337' title='bbox 280 4161 316 4171; x_wconf 84' lang='lat'><strong>···</strong></span> <span class='ocrx_word' id='word_1_338' title='bbox 335 4137 460 4184; x_wconf 65' lang='lat' dir='ltr'><strong>Summam</strong></span> <span class='ocrx_word' id='word_1_339' title='bbox 477 4137 514 4184; x_wconf 65' lang='grc' dir='ltr'><strong>Μ’</strong></span> <span class='ocrx_word' id='word_1_340' title='bbox 528 4137 603 4202; x_wconf 59' lang='lat' dir='ltr'><strong>aliqui</strong></span> <span class='ocrx_word' id='word_1_341' title='bbox 683 4147 745 4195; x_wconf 70' lang='lat' dir='ltr'><strong>cn.</strong></span> <span class='ocrx_word' id='word_1_342' title='bbox 757 4148 867 4195; x_wconf 82' lang='lat' dir='ltr'>XXXV.</span> <span class='ocrx_word' id='word_1_343' title='bbox 887 4163 910 4195; x_wconf 92' lang='lat'><strong>1.</strong></span> <span class='ocrx_word' id='word_1_344' title='bbox 923 4148 971 4194; x_wconf 85' lang='lat' dir='ltr'><strong>Sed</strong></span> <span class='ocrx_word' id='word_1_345' title='bbox 975 4146 1098 4210; x_wconf 68' lang='lat' dir='ltr'><strong>perdor...</strong></span> <span class='ocrx_word' id='word_1_346' title='bbox 1115 4162 1170 4192; x_wconf 51' lang='lat' dir='ltr'><strong>ocu</strong></span> 
     </span>
     <span class='ocr_line' id='line_1_41' title="bbox 92 4210 1053 4285; baseline 0.01 -24"><span class='ocrx_word' id='word_1_347' title='bbox 92 4210 182 4276; x_wconf 77' lang='lat' dir='ltr'><strong>legunt.</strong></span> <span class='ocrx_word' id='word_1_348' title='bbox 208 4215 346 4280; x_wconf 86' lang='lat' dir='ltr'><strong>Utrumque</strong></span> <span class='ocrx_word' id='word_1_349' title='bbox 368 4227 433 4266; x_wconf 84' lang='lat' dir='ltr'><strong>certe</strong></span> <span class='ocrx_word' id='word_1_350' title='bbox 457 4217 559 4278; x_wconf 81' lang='lat' dir='ltr'><strong>dicitur,</strong></span> <span class='ocrx_word' id='word_1_351' title='bbox 575 4231 603 4268; x_wconf 89' lang='lat' dir='ltr'><strong>nt</strong></span> <span class='ocrx_word' id='word_1_352' title='bbox 647 4225 773 4282; x_wconf 53' lang='lat' dir='ltr'><strong>castrabo&amp;</strong></span> <span class='ocrx_word' id='word_1_353' title='bbox 787 4225 842 4271; x_wconf 86' lang='lat' dir='ltr'><strong>vide</strong></span> <span class='ocrx_word' id='word_1_354' title='bbox 852 4226 883 4272; x_wconf 89' lang='lat' dir='ltr'><strong>ad</strong></span> <span class='ocrx_word' id='word_1_355' title='bbox 893 4227 924 4285; x_wconf 92' lang='lat' dir='ltr'><strong>V,</strong></span> <span class='ocrx_word' id='word_1_356' title='bbox 934 4227 1017 4283; x_wconf 70' lang='lat' dir='ltr'><strong>54,n.</strong></span> <span class='ocrx_word' id='word_1_357' title='bbox 1030 4241 1053 4272; x_wconf 78' lang='lat' dir='ltr'><strong>a.</strong></span> 
     </span>
    </p>
   </div>
   <div class='ocr_carea' id='block_1_18' title="bbox 0 0 1428 4958">
    <p class='ocr_par' dir='ltr' id='par_1_20' title="bbox 0 0 1428 4958">
     <span class='ocr_line' id='line_1_42' title="bbox 0 0 1428 4958; baseline 0 4"><span class='ocrx_word' id='word_1_358' title='bbox 0 0 1428 4958; x_wconf 95' lang='lat' dir='ltr'><strong> </strong></span> 
     </span>
    </p>
   </div>
  </div>
 </body>
</html>
