2848 4958
271 412 316 488 58
696 424 911 527 nnivu
1190 402 1309 508 3:323:

316 542 478 610 XXXIV.
502 544 599 612 Dum
618 523 695 612 hac
718 543 925 643 anilippo
944 558 1139 642 geruntur,
1161 545 1202 614 T.
1225 543 1334 633 Quin·

268 650 360 736 tius,
385 664 531 748 recepta
553 651 737 748 Zacyntho
756 652 802 724 ab
821 655 979 727 Achaico
996 654 1175 741 concili0‚
1199 655 1333 750 Naupa-

268 774 368 832 ctum
387 759 545 856 trajecit3
569 786 650 859 quae
667 762 744 857 jam
764 788 830 860 per
847 763 940 836 duos
956 789 1101 836 menses
1120 761 1209 860 (sed
1226 785 1335 860 prope

268 869 451 943 excidium
475 870 574 962 erat)
600 873 894 971 oppugnabatur,
916 889 970 963 et,
993 877 1023 946 si
1045 888 1150 972 capta
1169 873 1205 944 vi
1225 871 1335 960 foret,

267 1003 378 1052 omne
398 979 451 1051 ibi
473 1005 612 1054 nomen
638 985 840 1056 AEtolorum
865 984 911 1056 ad
938 985 1223 1058 internecionem
1246 980 1336 1052 vide·

267 1088 378 1164 batur
398 1105 606 1164 venturum.
627 1097 829 1183 Caeterum,
848 1119 1059 1193 quanquam
1080 1095 1211 1166 merito
1231 1093 1337 1164 iratus

267 1216 344 1272 erat
355 1201 498 1292 AEtolis,
511 1203 614 1302 quod
624 1204 720 1277 solos
734 1203 955 1278 obtrectasse
966 1216 976 1247 ¹
989 1205 1110 1304 gloriae
1125 1229 1214 1293 suae,
1227 1225 1337 1300 quum

266 1309 438 1385 liberaret
461 1316 659 1406 Graeciam,
686 1319 926 1404 meminerat,
952 1329 989 1388 et
1014 1315 1106 1387 nihil
1129 1313 1338 1388 auctoritate

268 1445 333 1492 sua
351 1437 472 1494 motos
491 1447 587 1511 esse,
607 1450 740 1522 quum,
756 1451 838 1523 quae
852 1442 932 1498 tum
949 1427 1105 1498 maxime
1124 1424 1339 1510 acciderant,

267 1556 393 1604 casura
408 1557 661 1630 praemonens,
680 1561 701 1606 a
719 1534 857 1608 furioso
874 1538 1022 1634 incepto
1042 1560 1105 1608 eos
1123 1535 1338 1616 deterreret;

255 1657 411 1730 ¹tamen,
431 1645 487 1716 sui
505 1648 663 1718 maxime
682 1649 802 1744 operis
820 1671 898 1720 esse
914 1646 1087 1737 credens,
1107 1647 1248 1718 nullam
1264 1667 1341 1740 gen·

183 1767 188 1776 ’
268 1765 344 1822 tem
364 1751 522 1824 liberatae
545 1779 566 1825 a
588 1779 626 1826 se
651 1758 797 1828 Graeciae
823 1755 989 1829 funditus
1010 1758 1145 1840 everti,
1167 1753 1341 1827 obambu-

269 1860 342 1932 lare
354 1864 484 1951 muris,
500 1878 541 1934 ut
556 1862 659 1936 facile
674 1883 891 1940 nosceretur
905 1867 951 1939 ab
965 1868 1101 1956 AEtolis,
1115 1868 1239 1964 coepit.
1256 1868 1342 1935 Con·

267 1966 387 2040 festim
403 1996 423 2042 a
437 1973 563 2069 primis
577 1975 796 2047 stationibus
810 1979 978 2075 cognitus
993 1991 1067 2065 est,
1081 1977 1341 2074 vulgatumque

267 2105 334 2177 per
348 2106 476 2154 omnes
493 2083 660 2173 ordines,
680 2087 873 2174 Quintium
891 2113 979 2161 esse.
998 2093 1146 2185 Itaque,
1165 2108 1344 2160 concursu

268 2189 363 2264 facto
386 2194 551 2292 undique
569 2197 607 2266 in
626 2221 774 2284 muros,
792 2222 923 2268 manus
941 2223 1009 2296 pro
1032 2223 1070 2270 se
1091 2199 1249 2294 quisque
1269 2210 1344 2267 ten·

267 2301 420 2390 dentes,
448 2320 671 2378 consonante
706 2305 864 2379 clamore
899 2309 1118 2378 nominatim
1151 2307 1345 2399 Quintium

268 2436 394 2502 orare,
418 2428 460 2484 ut
485 2439 594 2513 opem
618 2413 730 2487 ferret
754 2441 795 2488 ac
816 2433 983 2490 servaret.
1007 2422 1051 2488 Et
1074 2432 1153 2489 tum
1175 2417 1344 2515 quidem,

269 2545 479 2621 quanquam
502 2541 714 2610 moveretur
739 2525 795 2597 his
814 2526 987 2614 vocibus,
1005 2551 1118 2599 manu
1140 2542 1265 2599 tamen
1284 2526 1347 2598 ab·

183 2670 189 2682 .
268 2633 370 2721 nuit,
399 2632 601 2732 quidquam
630 2637 710 2732 opis
736 2637 776 2706 in
805 2662 842 2708 se
870 2647 984 2708 esse².
1015 2640 1220 2723 Caeterum,
1247 2652 1347 2736 post·

269 2767 380 2840 quam
396 2744 442 2814 ad
456 2747 643 2816 consulem
656 2749 756 2817 venit
771 2775 779 2816 :
797 2779 814 2814 ιι
826 2752 957 2820 Utrum
973 2746 1121 2833 fefellit,
1137 2750 1281 2846 inquit,
1297 2764 1347 2834 te,

269 2854 358 2926 «Μ’.
379 2855 489 2943 Acili,
513 2856 603 2953 quid
620 2859 770 2954 agatur?
786 2883 853 2948 an,
875 2882 991 2953 quum
1010 2853 1117 2929 satis3
1137 2859 1348 2954 pervideas,

270 3066 358 3116 fatetur
372 3067 523 3128 Glareanus,
540 3081 564 3118 et
581 3053 719 3137 suspicitur
732 3088 787 3120 cor·
830 3072 907 3121 Drak.
918 3072 1018 3122 Confer.
1028 3070 1060 3118 ad
1069 3070 1174 3129 XXIX,
1189 3084 1232 3130 17,
1244 3085 1272 3117 n.
1284 3071 1350 3117 6.-

269 3157 481 3212 ruptumnomeu3
492 3165 537 3198 nee
546 3150 635 3198 merito
645 3167 652 3200 :
662 3167 719 3199 nam
727 3167 787 3216 prae·
830 3152 875 3200 Sui
889 3152 998 3201 maxime
1011 3150 1092 3215 operis
1107 3166 1158 3198 esse
1174 3149 1294 3208 credens,
1305 3159 1350 3197 etc.

269 3236 308 3274 ter
323 3226 456 3292 Polybium
467 3228 539 3276 etiam
556 3229 702 3278 Plutarchus
713 3231 786 3292 huius
830 3233 936 3291 Putem,
947 3243 976 3280 ut
987 3230 1092 3296 exponit
1102 3229 1224 3293 Durring.
1234 3229 1353 3278 maximo·

269 3305 377 3370 regionis
388 3306 415 3352 ln
427 3307 532 3370 Quintio
544 3308 579 3358 ita
591 3310 714 3358 meminit:
728 3309 787 3379 ἀγο-
829 3316 888 3376 pere
907 3327 952 3376 per
975 3327 1000 3360 se
1024 3309 1210 3375 prohibendum
1229 3326 1299 3380 esse,
1321 3323 1352 3356 ne

271 3385 348 3452 pisos
374 3379 404 3436 di
432 3385 473 3440 καὶ
498 3389 633 3458 φιρομένων
660 3389 709 3440 ὑπὸ
742 3393 784 3440 τοῦ
830 3389 880 3438 ulla
894 3405 953 3454 gens
967 3389 1136 3440 liberaturae
1149 3389 1257 3438 Graeciae
1271 3387 1353 3436 fundi-

271 3460 417 3525 Μακεδόνος
436 3471 505 3518 τοῦτο
532 3468 576 3537 μὲν
604 3468 717 3520 Δολόπων
744 3465 786 3522 καὶ
832 3479 872 3517 tus
886 3479 1019 3532 evertatur.
1034 3467 1120 3526 lulla,
1141 3467 1303 3526 XXXVIII,
1320 3483 1351 3529 9,

271 3542 423 3623 Μαγνήτων·
445 3551 518 3599 τοῦτο
542 3542 568 3598 d'
582 3527 719 3617 Ἀθαμάνων
745 3547 786 3600 καὶ
832 3547 991 3612 Amynander
1009 3546 1078 3612 quod
1095 3545 1133 3594 sui
1150 3545 1260 3596 maximi
1273 3543 1354 3612 operit

267 3623 429 3693 Δπιράντων.
437 3627 786 3702 Testaturxsigoniuseamdem
832 3626 904 3692 erat(
913 3626 982 3691 qnod
990 3626 1038 3674 sibi
1050 3625 1219 3690 mauimopera
1230 3624 1354 3690 agendum

269 3705 393 3768 regionem
400 3707 528 3756 memorari
535 3707 608 3756 etiam
615 3707 682 3771 apud
690 3707 788 3772 Thacy·
832 3717 883 3756 erat
892 3703 917 3772 ),
927 3704 1031 3770 impigre
1040 3703 1134 3768 agebat.
1146 3704 1193 3751 En.

270 3783 352 3833 dIdem
360 3820 368 3846 ,
377 3797 402 3834 et
415 3787 572 3845 Strabonem,
583 3797 608 3834 et
621 3785 690 3836 alios.
702 3788 751 3835 En.
867 3801 892 3834 a.
903 3786 982 3833 Manu
994 3795 1077 3832 tamen
1088 3781 1188 3840 abnuit,
1198 3794 1265 3856 nutu
1276 3792 1355 3848 gestu-

305 3866 366 3914 Clr.
376 3866 500 3914 XXXIV.
509 3882 531 3915 1.
541 3863 629 3928 Quod(
638 3867 701 3914 forte
712 3878 787 3930 qaam
832 3881 880 3929 qur
888 3879 975 3912 manus
984 3860 1206 3928 signffieavithaud
1215 3860 1354 3926 quidquam

237 3967 243 3974 ·
270 3942 364 4008 Gron.)
377 3944 442 3992 solos
455 3945 612 4002 obtrectasse,
625 3956 672 3993 etc.
686 3945 743 3994 vide
756 3945 787 3993 ad
832 3945 885 4008 opis
896 3945 922 3992 in
935 3959 961 3991 sa
970 3958 1028 3991 esse.

269 4023 401 4082 XXXIII,
416 4024 459 4070 31.
478 4049 512 4060 -
531 4024 592 4070 Tum
613 4025 736 4082 maxime,
753 4038 782 4073 eo
868 4027 892 4073 3.
904 4019 1232 4088 Utmmfefellit...t0,quid
1240 4023 1353 4085 agretia-9

271 4103 727 4168 maximetempore:immoleg.quam
736 4121 785 4152 ma·
831 4121 880 4163 aa,
908 4115 955 4152 etc.
979 4101 1099 4152 Gousmto
1122 4101 1193 4164 loqui
1220 4099 1356 4162 Quintium

271 4181 352 4240 xime,
370 4180 396 4228 id
411 4191 461 4241 cst,
479 4182 527 4230 hoe
543 4185 646 4230 maxime
662 4195 782 4247 tempore,
830 4184 905 4248 paulo
916 4182 1045 4234 obscurius
1055 4180 1115 4230 dicit
1126 4182 1200 4229 Doer.
1216 4191 1245 4227 et
1255 4180 1293 4227 sic
1304 4178 1355 4225 fera
