2848 4958
101 479 127 578 ἓξ
140 476 165 578 l:
181 487 232 576 231:
310 496 463 564 meua
494 495 673 564 xxxvi
702 497 808 565 car.
837 498 955 566 xxx,
1113 496 1159 572 53

121 621 240 688 XXX.
259 616 318 687 Μ’.
336 617 491 705 Acilius,
510 616 657 689 vendita
674 632 737 689 aut
755 643 926 692 concessa
941 620 1049 707 militi
1063 623 1158 695 circa

75 728 290 800 Heracleam
307 727 445 826 praeda,
467 741 661 826 postquam
682 753 750 802 nec
768 733 917 828 Hypatae
937 745 1065 829 pacata
1081 757 1158 806 esse

76 839 250 928 consilia,
273 852 310 910 et
332 841 562 937 Naupactum
583 840 811 911 concurrisse
834 839 992 928 AEtoloS,
1012 855 1054 912 ut
1075 841 1160 913 inde

74 963 200 1020 totum
216 949 396 1046 impetum
415 947 502 1020 belli
523 950 768 1036 sustinerent,
792 949 951 1040 audivit3
974 954 1159 1049 praemisso

74 1061 142 1155 lp.
163 1055 322 1129 Claudio
342 1081 425 1129 cum
446 1071 606 1156 quatuor
624 1059 783 1132 millibus
805 1060 963 1133 militum
982 1062 1028 1133 ad
1048 1087 1159 1134 occu·

74 1166 202 1265 panda
217 1167 325 1265 juga,
350 1193 425 1266 qua
451 1167 617 1241 difficiles
639 1171 811 1243 transitus
831 1173 1013 1244 montium
1033 1188 1158 1262 erant,

74 1280 154 1377 ipse
173 1281 307 1351 OEtam
325 1279 531 1370 adscendit,
549 1281 772 1379 Herculique
791 1281 1005 1356 sacrificium
1020 1282 1106 1355 lecit
1120 1286 1158 1354 in

75 1415 119 1460 eo
140 1389 250 1479 1000,
265 1413 376 1488 quem
394 1395 545 1486 Pyram,
564 1389 735 1488 quodibi
756 1393 909 1464 mortale
928 1417 1064 1492 corpus
1082 1394 1160 1489 ejus

76 1500 136 1572 dei
155 1501 204 1571 sit
222 1513 422 1572 crematum
433 1512 457 1589 ¹,
475 1501 672 1599 appellant.
695 1501 786 1574 lnde
805 1516 885 1574 toto
902 1504 1066 1574 exercitu
1081 1529 1161 1601 pro

76 1609 196 1682 tectus
218 1611 402 1709 reliquum
426 1613 497 1683 iter
521 1613 606 1682 satis
630 1612 802 1710 expedito
828 1614 971 1711 agmine
993 1612 1088 1686 fecit.
1111 1619 1160 1686 Ut

76 1718 123 1791 ad
150 1725 349 1792 Coracem²
374 1735 428 1793 est
449 1736 602 1794 ventum
621 1725 753 1819 (mous
773 1737 827 1794 cst
849 1723 1043 1796 altissimus
1063 1726 1159 1795 inter

77 1831 274 1930 Callipoliu
301 1847 338 1904 et
360 1832 631 1930 Naupactum),
658 1833 711 1904 ibi
734 1849 771 1906 et
792 1834 959 1929 jumenta
979 1834 1095 1931 multa
1113 1860 1158 1906 ex

1 1925 2 1940 ¹
76 1943 222 2039 agmine
250 1943 473 2041 praecipitata
497 1967 580 2015 cum
610 1943 697 2041 ipsis
718 1943 892 2016 oneribus
911 1959 1013 2034 sunt,
1033 1960 1071 2018 et
1090 1945 1158 2017 ho-

73 2053 197 2122 mines
221 2055 351 2124 vexati.
372 2057 417 2123 Et
439 2051 543 2124 facile
569 2052 789 2152 apparebat,
809 2079 918 2151 quam
943 2081 1026 2127 cum
1049 2059 1157 2127 inerti
1237 2126 1240 2130 .

77 2162 182 2234 hoste
211 2187 268 2234 res
295 2178 410 2253 esset,
437 2166 502 2262 qni
530 2178 605 2238 tam
630 2166 848 2263 impeditum
874 2164 1030 2238 saltum³
1053 2167 1157 2237 nullo

1 2289 2 2300 ¹
77 2272 271 2369 praesidio,
298 2289 341 2344 ut
368 2274 552 2347 clauderet
585 2279 802 2365 transitum,
833 2279 1032 2350 insedisset.
1066 2281 1159 2348 Tum

72 2408 231 2480 quoque
246 2399 377 2456 vexato
390 2388 567 2474 exercitu,
587 2386 633 2457 ad
647 2391 877 2485 Naupactum
896 2385 1100 2472 descendit,
1123 2400 1160 2456 et

1 2481 2 2568 ἶ
74 2494 324 2567 unocastello
349 2497 520 2568 adversus
551 2491 672 2584 arcem
700 2500 842 2595 posito,
870 2489 1013 2567 caiteras
1037 2509 1181 2592 partes¹

73 2603 202 2691 urbis,
222 2603 345 2678 divisis
364 2608 478 2704 copiis
501 2633 569 2704 pro
591 2608 663 2678 situ
684 2609 882 2693 moenium,
901 2603 1155 2677 circumsedit:

74 2741 145 2786 nec
171 2717 295 2787 minus
321 2719 442 2813 operis
467 2716 677 2815 laborisque
705 2743 747 2789 ea
772 2717 1024 2814 oppugnatio,
1047 2741 1157 2816 quam
1227 2749 1229 2754 ’

74 2825 275 2914 Heracleae,
299 2824 438 2896 habuit.

108 3056 423 3118 (balucem,
438 3054 595 3102 abimartala
639 3055 746 3106 Κάλλιον
764 3055 855 3104 dieitur
868 3057 1084 3116 Pausan.X‚aa,
1102 3056 1158 3121 St.

75 3151 163 3200 corpas
181 3133 300 3182 Herculia
318 3145 472 3191 crematam
490 3132 547 3180 vide
562 3133 595 3181 ad
639 3134 1160 3198 eont.1²almer.umc.anuq.1v‚22,et

75 3214 120 3262 Sil.
132 3215 186 3272 111,
199 3214 297 3272 43,Vl‚
311 3211 374 3272 4535
385 3214 468 3276 llcyn.
477 3212 511 3260 ad
519 3211 595 3276 Apol·
638 3215 727 3266 Cellae.
736 3201 828 3277 ceogr.
838 3217 899 3262 Ant.
910 3215 951 3272 Il,
963 3216 1005 3274 13,
1016 3232 1042 3279 p.
1055 3217 1115 3274 713.
1123 3243 1158 3252 --

74 3293 157 3342 lodor.
167 3294 210 3350 11,
227 3308 251 3352 7,
267 3307 295 3352 73
310 3290 442 3355 Spaubam.
455 3290 488 3338 ad
498 3291 594 3340 Gallim.
638 3292 759 3359 Etsaeile
770 3293 917 3357 apparebat.
929 3294 1007 3341 Gran.
1021 3293 1066 3342 lib.
1078 3295 1123 3354 tv,
1133 3295 1159 3354 6,

74 3374 170 3436 Hymn.
189 3373 216 3417 in
232 3372 308 3422 Dian.
321 3370 386 3433 159,
408 3369 547 3420 Hemsterh.
562 3371 595 3418 ad
638 3371 823 3438 conjicitsact'le
832 3373 982 3438 apparebat,
993 3374 1105 3436 quamvis
1114 3391 1158 3422 au-

74 3449 179 3499 Luciaui
191 3449 291 3498 Timon.
309 3466 365 3515 cap.
381 3450 406 3500 6.
423 3476 459 3491 -ν-
473 3448 538 3498 Satis
550 3464 595 3498 ea·
638 3453 752 3501 1101665
765 3451 795 3500 id
796 3450 879 3517 facile
891 3451 1032 3516 apparebat
1043 3453 1157 3502 ediderit.

69 3528 158 3592 pada'to
172 3528 287 3594 agmine,
305 3545 340 3578 aa.
353 3529 413 3577 dum
422 3543 512 3594 agnen
524 3543 594 3594 ptene
638 3533 777 3594 Utrumque
793 3531 911 3580 vitiosum
923 3548 1064 3591 censemus,
1080 3550 1156 3596 quum

1 3613 2 3618 ’
74 3607 150 3658 nullia
162 3609 212 3656 viae
226 3606 415 3657 difficultatibus
430 3609 593 3674 impeditum,
638 3610 738 3669 Livius,
749 3621 851 3658 notante
864 3611 957 3669 Drak.,
971 3612 1083 3662 similiter
1098 3613 1157 3662 aori-

75 3687 258 3736 sadacelerlter
269 3688 464 3738 innodentur.
637 3690 714 3754 pserit
722 3705 811 3753 supra,
827 3692 958 3748 xxxut,
979 3707 1001 3749 1,
1014 3703 1039 3738 at
1051 3707 1158 3755 appare-

110 3783 136 3815 a.
154 3768 201 3816 Ad
215 3768 348 3826 Coracem,
371 3780 478 3820 nioman
498 3769 595 3816 AEtolta
639 3769 683 3817 bat
700 3767 763 3816 nibil
774 3769 858 3816 liberta
874 3769 1156 3820 consultationiscanci·

75 3847 214 3908 orientalia,
230 3850 303 3898 OEtoe
315 3849 511 3907 conterminum,
530 3848 596 3896 inter
639 3847 684 3904 lia,
698 3857 745 3896 etc.
760 3848 823 3896 infra
834 3865 894 3897 vero
904 3851 1044 3907 XXXVII,
1066 3851 1114 3909 25,
1133 3863 1156 3900 et

76 3926 209 3990 Callipolim
222 3939 248 3977 at
265 3929 442 3992 Naupactum,
463 3913 514 3977 etc.
525 3927 594 3977 conf.
639 3927 791 3991 apparebat,
803 3929 825 3990 si
833 3945 864 3978 ea
874 3945 936 3976 cara
945 3929 1044 3978 Rhodiis
1056 3931 1155 3993 dempta

74 4005 184 4070 Appian.
196 4009 255 4072 Syr.
269 4023 313 4066 ar,
331 4020 356 4056 et
368 4008 459 4072 Polyb.
471 4007 539 4066 XX,
554 4023 594 4063 ιι,
639 4017 714 4061 esset,
735 4017 782 4054 etc.
794 4009 840 4064 Eu.

75 4083 90 4148 S
103 4101 151 4144 11,
166 4087 207 4134 rel
224 4086 310 4150 steph.
328 4101 384 4136 voc.
400 4085 497 4157 Κόραξ·
513 4085 593 4134 strab.
675 4085 700 4132 3.
718 4086 778 4132 Tam
789 4086 931 4149 impeditam
943 4087 1044 4144 saltim,-
1055 4086 1110 4134 vide
1124 4087 1155 4134 ad

75 4165 594 4230 IXctX,pag.ab7et310,al.417et
639 4165 735 4223 tx‚2‚
754 4180 778 4212 u.
795 4167 819 4214 5.
841 4168 1074 4231 -Tumquoqae,
1099 4166 1156 4214 lieet

77 4243 136 4296 450.
148 4242 276 4309 Callprolis
285 4245 349 4293 forte
360 4245 425 4293 idem
436 4261 511 4310 opp,
526 4243 594 4309 quod
639 4243 721 4293 nullus
734 4243 841 4294 obstaret
852 4245 943 4305 hostia,
957 4257 1051 4294 vexato
1063 4242 1157 4291 exarci-
