2848 4958
210 345 215 354 '
275 352 319 424 52
698 357 737 422 r.
770 358 913 426 mvn
1199 339 1319 444 2:222ss

274 475 416 546 tradere
430 477 577 573 posse?
602 480 648 548 Et
673 499 755 573 spes
778 475 873 550 forte
891 475 1031 566 oblata,
1051 479 1154 575 quod
1172 480 1345 554 Nicander

273 611 318 657 eo
336 588 417 684 ipso
435 600 602 685 tempore
620 585 666 657 ab
684 610 771 683 rege
792 586 975 660 Antiocho
998 590 1170 677 veniens,
1187 591 1346 688 implevit

272 685 544 795 exspectatione
566 721 659 768 vana
681 695 975 785 multitudinem,
996 713 1092 770 terra
1109 700 1276 796 marique
1294 700 1347 769 in-

271 829 361 902 gens
376 807 495 902 parari
509 805 659 877 bellurn.
675 812 711 878 Is
724 806 945 878 duodecimo
961 807 1038 897 die,
1052 835 1163 906 quam
1177 815 1346 882 consc'en·
1415 831 1416 834 ’

270 916 372 987 derat
392 941 541 1004 navem,
560 917 598 987 in
615 915 799 1004 AEtoliam,
814 915 976 1014 perfecta
993 918 1193 1016 legatione,
1207 918 1347 992 rediens

271 1027 421 1098 Phalara
438 1029 476 1098 in
498 1027 581 1098 slnu
598 1025 751 1096 Maliaco
771 1029 892 1097 tenuit
902 1036 929 1097 ².
949 1025 1039 1099 Inde
1057 1029 1219 1100 Lamiam¹
1238 1053 1347 1127 pecu-

268 1139 367 1238 niam
391 1162 507 1235 quum
535 1137 761 1224 devexisset,
786 1137 864 1234 ipse
891 1161 974 1212 cum
1000 1137 1179 1235 expeditis
1202 1161 1349 1236 vespera
1415 1145 1416 1150 ’

270 1251 398 1346 prima¹
416 1250 513 1318 inter
540 1245 784 1318 Macedonum
817 1273 1045 1346 romanaque
1077 1263 1195 1324 castra
1230 1248 1348 1320 medio

269 1382 379 1453 agro,
398 1357 487 1428 dum
502 1361 679 1454 Hypatam
696 1358 793 1430 notis
807 1357 957 1430 callibus
972 1361 1082 1456 petit,
1100 1362 1140 1432 in
1156 1362 1348 1434 stationem
1415 1387 1416 1392 ¹

268 1467 396 1540 incidit
414 1467 677 1555 Macedonum,
697 1465 950 1564 deductusque
965 1465 1011 1538 ad
1025 1491 1150 1565 regem
1169 1483 1246 1558 est,
1261 1490 1350 1538 non·
1415 1491 1416 1496 ¹

268 1575 358 1648 dum
373 1577 539 1647 convivio
554 1574 713 1648 dimisso.
731 1576 841 1666 Quod
856 1576 922 1648 uhi
938 1579 1148 1650 nuntiatum
1164 1594 1239 1668 est,
1252 1578 1349 1650 velut

268 1687 444 1784 hospitis,
465 1707 540 1756 non
568 1684 704 1774 hostis,
728 1685 889 1758 adventu
914 1701 1039 1758 motus
1062 1687 1277 1788 Philippus,
1293 1711 1348 1760 ac·
1415 1721 1416 1728 ι

269 1797 443 1869 cumbere
470 1820 555 1868 eum
583 1796 799 1894 epularique
821 1798 963 1893 jussum
974 1794 1002 1886 ³,
1028 1811 1138 1894 atque
1166 1799 1277 1888 inde,
1302 1798 1350 1868 di·

267 1907 386 1978 missis
411 1905 509 1994 aliis,
537 1906 657 1976 solum
682 1921 892 1996 retentum,
918 1908 1040 2006 ipsum
1069 1909 1225 2005 quidem
1247 1910 1293 1980 de
1314 1929 1350 1980 se
1415 1973 1416 1980 ,

266 2018 395 2087 timere
414 2013 616 2113 quidquam
636 2018 763 2090 vetuit.
781 2019 985 2090 AEtolorum
1003 2042 1114 2115 prava
1133 2020 1291 2094 consilia
1307 2034 1353 2090 at·
1415 2011 1416 2034 ³

268 2152 342 2223 que
364 2128 403 2196 in
428 2128 591 2223 ipsorum
620 2141 730 2225 caput
755 2151 899 2226 semper
926 2127 1126 2200 recidentia
1150 2131 1352 2217 accusavit,

268 2239 333 2335 qui
360 2237 518 2335 primum
547 2242 755 2327 Romanos,
779 2236 912 2310 deinde
933 2237 1157 2310 Antiochum
1185 2241 1226 2311 in
1254 2245 1353 2313 Grae·
1415 2239 1416 2250 ’

267 2349 359 2420 ciam
382 2346 627 2420 adduxissent.
651 2348 726 2418 Sed
739 2353 1029 2444 proeteritorum,
1049 2373 1134 2445 quea
1155 2355 1279 2446 magis
1297 2374 1353 2419 re·

258 2458 447 2558 prehendi
457 2512 468 2546 ,
497 2483 610 2556 quam
638 2463 787 2554 corrigi,
809 2464 974 2556 possint,
1004 2458 1157 2532 oblitum
1188 2485 1250 2550 se,
1280 2485 1354 2531 nen

256 2573 470 2661 facturum,
502 2585 543 2640 ut
562 2568 709 2640 insultet
729 2570 887 2668 adversis
914 2569 1022 2642 rebus
1045 2593 1186 2642 eorum.
1207 2571 1355 2644 AEtolos
1415 2579 1416 2606 ³

265 2703 414 2776 quoque
416 2681 534 2774 finire
549 2678 697 2750 tandem
709 2679 885 2752 'adversus
901 2706 941 2752 se
959 2681 1046 2752 odie
1062 2681 1218 2771 debere,
1238 2700 1278 2754 et
1290 2687 1356 2756 Ni·
1415 2687 1416 2758 5

266 2787 445 2860 cundram
455 2793 631 2885 privatim
650 2790 728 2884 ejus
748 2789 840 2878 diei,
859 2817 933 2889 quo
956 2807 1116 2862 serratus
1137 2819 1163 2862 a
1180 2820 1222 2866 se
1228 2797 1354 2886 ferret,

265 2901 479 2968 meminisse.
499 2901 557 2967 Ita.
571 2894 684 2986 datis,
704 2898 768 2996 qui
784 2901 960 2972 intutum
977 2925 1061 2972 eum
1077 2926 1356 3001 prosequeren-

266 3024 327 3080 tur
337 3012 366 3098 ¹¹,
388 3012 565 3106 Hypatam
584 3007 765 3081 Nicander
785 3009 1078 3082 consultantibus
1103 3011 1150 3082 de
1173 3037 1270 3111 pace
1283 3039 1355 3088 ,ro-

266 3142 374 3192 mana
392 3117 612 3215 supervenit.

303 3279 326 3310 a.
339 3252 450 3307 Phalari:
463 3259 488 3305 in
499 3258 555 3306 sinu
565 3258 676 3308 Maliaco
691 3260 780 3318 tenuit;
829 3277 927 3309 currere
932 3262 968 3310 ad
975 3261 1161 3328 depopulandos
1169 3265 1358 3314 Pellenensium

264 3341 322 3391 vide
333 3340 365 3388 nd
375 3343 399 3397 1,
422 3354 452 3396 1,
468 3355 494 3386 n.
506 3339 538 3398 8,
558 3351 582 3386 et
595 3341 710 3397 XXVII,
730 3341 777 3402 30,
828 3339 1014 3406 Sicyoniumque
1030 3358 1104 3407 agros
1116 3353 1141 3389 et
1155 3342 1307 3394 Phliasium
1315 3346 1360 3413 ju-

264 3439 291 3470 n.
304 3422 329 3468 3.
342 3446 378 3455 -
400 3417 459 3466 cum
477 3419 617 3482 expeditu
639 3418 737 3466 vidend
747 3419 780 3478 V,
829 3417 876 3468 bet.
891 3417 937 3467 En.

268 3503 314 3559 16,
325 3517 350 3546 n.
362 3513 386 3547 ι.
402 3498 477 3546 Conf.
490 3497 581 3562 Polyb.
593 3499 660 3556 XX,
677 3514 723 3558 10,
739 3513 780 3546 ιι.
864 3499 889 3546 3.
901 3499 1053 3546 Accumbere
1070 3514 1125 3546 cum
1142 3502 1299 3568 epularique
1305 3502 1362 3570 jus·

264 3576 736 3641 -Maeedonumromanaquecastra.
750 3577 782 3624 In
827 3593 880 3622 sum
887 3611 895 3636 ,
915 3587 1005 3624 utnon
1019 3594 1075 3625 cum
1094 3593 1166 3641 rege3
1189 3581 1248 3629 vid.
1266 3583 1361 3646 Polyb.

264 3659 351 3708 codice
365 3658 481 3720 Mogunt.
497 3657 588 3721 legitur
602 3657 781 3703 Romanorum·
826 3655 891 3715 XX,
911 3671 950 3704 11.
969 3683 1004 3692 -
1019 3659 1094 3704 Dese
1112 3656 1200 3704 timere
1212 3660 1361 3724 quidquam

263 3755 327 3804 que:
337 3737 381 3786 sed
390 3737 472 3784 eaeteri
482 3736 556 3784 codd.
563 3746 672 3783 nostram
682 3745 782 3784 tuentur
826 3734 922 3793 munit,-
935 3735 1061 3783 metuebat
1071 3735 1136 3782 enlm
1148 3736 1215 3784 iram
1228 3738 1361 3806 Philippi,

262 3819 402 3867 lectionem.
416 3817 494 3864 Recte
514 3813 685 3861 animadvertit
701 3815 779 3863 Drak.
827 3814 890 3861 socii
900 3815 1082 3875 Romanorum,
1098 3827 1141 3863 ant
1151 3831 1184 3862 ne
1197 3815 1241 3866 his
1254 3819 1362 3868 dedere-

240 3897 243 3912 '
263 3899 361 3946 Livium
377 3895 411 3944 itu
429 3911 494 3960 saepe
510 3893 597 3956 loqui,
613 3894 677 3942 sicut
693 3910 779 3958 supra,
823 3903 872 3940 tur.
886 3893 934 3941 Sed
943 3893 1071 3958 Philippus
1080 3895 1200 3942 Romanis
1211 3899 1304 3950 minus
1310 3901 1363 3960 iam

264 3978 349 4035 XXV,
372 3975 420 4030 26,
443 3973 519 4021 rrtulto
537 3983 619 4019 tamen
638 3973 721 4038 major
739 3972 779 4021 uis
824 3972 930 4022 favebat.
946 3973 1018 4022 Conf.
1028 3974 1061 4020 ed
1073 3989 1127 4038 cap.
1141 3973 1175 4020 26
1191 3973 1211 4021 f.

258 4057 333 4121 pestis
343 4057 474 4100 Poenorum
486 4061 570 4098 castra
586 4067 662 4116 quam
673 4069 779 4100 remane
859 4056 885 4106 t.
904 4054 934 4098 In
953 4064 1031 4100 tratum
1049 4069 1104 4100 eum
1117 4068 1358 4118 prosequerentur,

263 4134 397 4201 afficerem
411 4131 543 4188 XXXIII,
560 4129 591 4178 15
596 4165 604 4191 ,
620 4129 712 4196 equites
726 4131 778 4180 dis·
824 4127 878 4180 vid.
888 4131 922 4192 V,
936 4131 985 4191 38,
1000 4147 1025 4181 n.
1038 4138 1062 4187 4.
