2848 4958
283 437 331 510 66
603 499 607 506 .
709 441 749 506 Τ.
783 437 927 510 lell
984 491 1016 512 .,
1205 424 1320 524 3132}ss

283 563 448 660 draginta
472 574 635 660 septem;
655 585 700 631 ex
725 557 925 632 victoribus
948 560 1047 632 mille
1066 555 1344 660 quadringentos

283 671 469 768 octoginta
487 685 647 768 quatuor
670 669 851 742 cecidisse.
877 669 950 742 Ubi
970 686 1011 742 ut
1029 672 1068 742 in
1088 692 1241 746 numero
1262 674 1341 744 scri-

283 786 380 884 ptori
405 805 534 883 parum
556 776 644 852 fidei
663 781 708 852 sit
728 781 838 878 (quia
857 781 895 850 in
918 781 1086 878 augendo
1104 807 1149 856 eo
1167 808 1242 854 non
1260 782 1344 854 alius

282 893 584 993 intemperantior
604 890 701 986 est),
721 915 890 989 magnam
908 892 1096 964 victoriam
1118 891 1227 966 fuisse
1242 915 1342 990 appa·

282 1021 358 1090 ret,
378 1003 479 1102 quod
498 1016 534 1075 et
552 1015 667 1074 castra
686 1016 791 1099 capta
810 1017 914 1090 sunt,
937 1016 974 1075 et
993 1005 1071 1076 Boii
1089 1018 1174 1102 post
1191 1028 1269 1076 eam
1283 1027 1344 1100 pu·

281 1142 390 1217 gnam
409 1113 593 1212 extemplo
609 1112 830 1186 dediderunt
845 1135 943 1202 sese,
962 1128 1000 1185 et
1017 1113 1118 1210 quod
1136 1113 1344 1211 supplicatio

283 1231 360 1324 ejus
382 1226 540 1298 victoriae
568 1248 675 1298 causa
703 1223 848 1296 decreta
874 1222 921 1294 ab
948 1238 1100 1309 senam,
1127 1225 1345 1320 victimaeque

280 1340 436 1435 majores
453 1358 562 1408 caesae.
615 1394 618 1405 .

330 1451 491 1520 XXXIX.
518 1449 585 1516 Per
601 1442 750 1514 eosdem
766 1441 843 1518 dies
861 1448 909 1514 Μ.
928 1441 1095 1520 Fulvius¹
1119 1444 1285 1518 Nobilior
1304 1469 1345 1516 eu

178 1605 181 1617 ψ
281 1560 454 1636 ulteriore
470 1555 642 1652 Hispania
655 1577 768 1624 ovans
778 1552 915 1624 Urbem
930 1569 984 1626 est
995 1556 1188 1653 ingressus.
1204 1554 1347 1652 Argenti

282 1667 465 1742 transtulit
483 1663 676 1736 duodecim
692 1662 804 1733 millia
817 1664 964 1761 pondo,
987 1664 1105 1762 bigati·
1117 1667 1258 1764 argenti
1272 1689 1347 1737 cen·

282 1794 361 1850 tum
371 1775 620 1873 triginta3auri
630 1787 781 1845 eentum
790 1775 916 1870 viginti
924 1789 1063 1872 septem
1073 1777 1211 1873 pondo.
1223 1781 1259 1848 P.
1271 1779 1347 1848 Cor-

281 1889 398 1960 nelius
422 1885 547 1958 consul
568 1884 709 1981 primo,
726 1882 916 1954 obsidibus
934 1909 956 1954 a
975 1887 1150 1958 Boiorum
1164 1899 1272 1982 gente
1292 1908 1346 1955 ac·

279 1999 415 2097 neptis,
435 1997 510 2093 agri
526 2008 628 2093 parte
646 1991 721 2065 fere
739 1992 888 2064 dimidia
905 2017 968 2064 eos
984 1993 1194 2083 mulctavit,
1211 2020 1303 2092 quo,
1321 1994 1347 2064 si

280 2110 403 2196 vellet,
417 2105 578 2204 populus
587 2127 761 2175 romanus
773 2101 931 2175 colonias
944 2103 1087 2174 mittere
1101 2121 1238 2202 posset.
1251 2105 1346 2192 Inde,

280 2225 451 2302 Romam,
470 2229 512 2287 ut
529 2214 575 2290 ad
594 2213 821 2310 triumphum
840 2211 939 2284 baud
956 2212 1132 2304 dubium,
1153 2217 1348 2300 decedens,

280 2331 479 2403 exercitum
497 2324 652 2410 dimisit,
672 2337 708 2394 et
726 2322 850 2397 adesse
865 2328 989 2394 Romae
1002 2324 1048 2398 ad
1062 2323 1161 2398 diem
1176 2329 1348 2426 triumphi

276 2443 392 2537 jussit.
408 2444 510 2536 lpse,
526 2447 676 2533 postero
689 2432 769 2518 die,
785 2457 897 2530 quam
913 2436 1029 2521 venit,
1044 2451 1173 2510 senatu
1185 2439 1224 2509 in
1239 2438 1349 2510 aedem

281 2553 436 2626 Bellonae
453 2559 583 2618 vocato
593 2555 621 2633 ²,
643 2568 760 2640 quum
784 2543 831 2614 de
853 2543 966 2618 rebus
985 2544 1031 2616 ab
1052 2570 1090 2618 se
1111 2550 1221 2644 gestis
1240 2549 1346 2620 disse-

278 2665 432 2750 ruisset,
449 2656 661 2756 postulavit,
679 2671 720 2725 ut
737 2653 807 2726 sibi
824 2655 1064 2753 triumphanti
1082 2655 1208 2730 liceret
1225 2661 1263 2730 in
1284 2664 1348 2731 Ur·

280 2774 364 2844 bem
390 2768 522 2842 invehi.
553 2772 590 2839 P.
612 2766 847 2866 Sempronius
867 2766 999 2844 Blaesus
1020 2766 1193 2842 tribunus
1215 2761 1350 2868 plebis,

281 2910 355 2958 non
383 2878 592 2976 negandum
615 2880 794 2974 Scipioni,
819 2878 887 2948 secl
908 2877 1153 2969 dfferendm
1176 2881 1350 2952 horrorem

280 2991 473 3089 triumphi,
502 2985 682 3060 censebat.
709 2985 815 3070 Bella
839 2991 1010 3082 Ligurum
1037 2987 1187 3064 Gallicis
1213 3015 1353 3090 semper
1409 3005 1410 3016 ¹

273 3109 405 3201 juncta
411 3104 554 3192 fur‘sse:
572 3123 634 3170 eas
650 3103 744 3170 inter
753 3123 793 3170 re
801 3114 925 3193 gentes
938 3114 1068 3170 mutua
1082 3123 1131 3169 ex
1136 3109 1350 3200 propinquo

280 3344 330 3376 non
339 3325 403 3374 alius
415 3321 615 3387 intemperantior
622 3332 672 3374 εσυ
682 3318 725 3366 sed
736 3318 792 3366 vida
837 3317 880 3366 aed
893 3330 949 3366 cum
956 3319 1028 3368 Crev.
1037 3331 1062 3368 et
1073 3322 1157 3370 multis
1168 3325 1235 3385 aliis,
1249 3327 1350 3390 scripto·

281 3407 313 3456 ad
326 3423 381 3470 cap.
394 3403 558 3462 tn,n.3.-
571 3400 617 3448 Ubi
626 3397 793 3465 ut(quamvis)
837 3413 888 3446 rem
910 3398 990 3446 solum
1017 3399 1151 3450 oblivionis
1176 3404 1349 3452 aecumndum.

281 3487 305 3533 in
325 3500 425 3532 ursmaro
443 3481 555 3545 scriptori
566 3495 659 3544 parram
664 3477 732 3547 fidei
745 3477 791 3535 rit,
837 3477 910 3529 cont.
929 3478 1007 3526 Perit.
1026 3479 1054 3526 in
1067 3481 1200 3531 Animadr.
1221 3483 1288 3533 ltin.
1309 3483 1352 3536 tv,

282 3581 398 3631 magnam
411 3575 492 3611 tamen
510 3559 643 3610 victoriam
649 3556 731 3624 fuisse
748 3573 792 3621 ap·
835 3558 964 3619 pag-173.
977 3558 1024 3606 En.
1037 3584 1072 3595 ·-
1086 3560 1151 3623 Agri
1156 3573 1236 3622 parte
1241 3561 1300 3627 sere
1317 3560 1358 3610 dia

276 3655 368 3710 pant:
385 3642 455 3707 quod
469 3653 552 3689 tamen
567 3638 653 3699 adjicit
665 3638 711 3685 MS
723 3637 794 3700 Mag.
837 3634 916 3682 midia
931 3651 972 3684 eos
991 3636 1066 3686 Boios
1086 3639 1229 3690 mulctarit:
1247 3641 1301 3690 bec
1317 3651 1351 3688 est

283 3726 332 3773 Sed
343 3724 400 3771 vide
414 3721 446 3769 ad
458 3721 522 3778 vn,
538 3734 582 3781 19,
595 3735 621 3764 n.
634 3719 659 3764 3.
837 3726 960 3778 postrema
972 3713 1040 3778 apud
1058 3716 1153 3764 Livium
1169 3720 1266 3767 mentio
1280 3718 1352 3766 Boio-

316 3806 380 3856 Ctr.
393 3801 520 3850 XXXIX.
533 3813 556 3846 t.
569 3800 616 3846 Per
632 3794 728 3844 amdam
741 3794 793 3842 dier
836 3809 903 3852 rum,
927 3793 959 3842 ad
982 3793 1076 3868 Padum
1102 3796 1281 3855 incolentium,
1297 3796 1352 3858 ⁴qul

282 3887 317 3931 Μ.
328 3883 462 3930 Fulvius...
479 3890 568 3942 septem
576 3875 680 3942 portd03
694 3874 750 3924 ride
761 3875 793 3922 nd
837 3872 926 3920 deinde
947 3887 1047 3936 protana
1073 3891 1105 3920 ex
1125 3875 1197 3923 Italia
1229 3877 1295 3940 pulsi
1321 3874 1351 3922 ad

281 3980 335 4027 ap.
347 3979 377 4010 ur
389 3997 396 4020 ,
407 3978 431 4007 n.
447 3955 625 4020 t.-Quamris
640 3954 728 4004 iisdem
742 3954 793 4002 lere
837 3953 927 4000 latrum
943 3951 968 4000 fl:
984 3954 1190 4016 commigrarunt;
1206 3955 1259 4002 rid.
1274 3953 1351 4004 strab.

280 4042 364 4090 vorbis
390 4048 482 4102 repetat
506 4036 661 4098 Liuiusque
684 4049 738 4098 cap.
757 4047 789 4080 21
837 4032 869 4090 V,
877 4032 1002 4095 papati.

280 4129 431 4172 narraverat,
443 4131 494 4162 non
506 4113 568 4162 banc
578 4113 675 4178 culpam
687 4105 794 4160 inlibrt·
873 4127 900 4162 a«
911 4112 1002 4158 Senatu
1013 4110 1039 4160 in
1052 4110 1130 4158 rudem
1145 4111 1257 4160 Bellona
1268 4129 1295 4160 ar.
1306 4121 1353 4160 etc.

280 4201 331 4248 rios
346 4194 536 4246 transferendam
557 4203 639 4244 cantet
660 4191 794 4252 Dori-ing„
838 4189 895 4238 vide
908 4189 941 4240 ad
953 4189 1054 4246 XXVI,
1063 4205 1095 4238 ar
1106 4207 1148 4248 ‚m
1166 4207 1186 4236 t.
