2848 4958
281 373 327 446 30
528 459 531 466 ,
704 381 742 446 Τ.
766 381 920 466 1ιινιῑ
1198 363 1315 462 3:332:

279 519 398 568 nesus.
414 499 490 566 Hoc
504 495 652 592 jugum,
667 495 712 591 ab
726 500 882 571 Leucate
900 514 939 570 et
950 502 1041 571 mari
1057 499 1103 572 ad
1118 501 1337 574 occidentem
1421 509 1422 586 Ϊ

279 631 384 678 verso
403 631 468 704 per
479 606 644 678 AEtoliam
662 607 707 679 ad
720 607 874 680 alterum
888 635 987 680 mare
1009 611 1141 681 orienti
1158 610 1337 705 objectum
1421 603 1422 668 l

279 715 454 805 tendens,
479 741 520 786 ea
545 730 686 812 aspreta
709 742 892 815 rupesque
918 720 1119 814 interjectas
1146 716 1276 804 habet,
1300 733 1340 818 ut
1421 689 1422 756 l

278 853 355 898 non
372 825 482 898 modo
504 827 683 898 exercitus
694 824 720 913 ⁵,
745 828 809 898 sed
826 853 872 899 ne
897 829 1057 925 expediti
1075 827 1224 926 quidem
1241 826 1339 898 facile
1421 831 1422 910 i

277 938 368 1008 ullas
401 936 446 1006 ad
481 937 673 1008 transitum
705 937 812 1010 calles
846 938 1039 1008 inveniant.
1077 943 1266 1008 Extremos
1297 935 1341 1006 ad
1421 935 1422 978 ³

278 1050 454 1120 orientem
473 1061 617 1117 montes
631 1052 762 1119 OEtam
778 1062 929 1134 vocant,
950 1071 1109 1144 quorum
1130 1046 1232 1144 quod
1251 1044 1341 1116 altis-

276 1159 409 1232 simum
432 1170 505 1246 est,
531 1155 778 1228 Callidromon
802 1153 1048 1260 appellatur63
1069 1157 1107 1226 in
1129 1155 1235 1251 cujus
1252 1153 1340 1224 valle
1421 1215 1422 1218 ,

278 1269 323 1340 ad
336 1269 528 1340 Maliacum
541 1267 660 1338 sinum
670 1283 840 1366 vergente
853 1271 923 1338 iter
934 1283 987 1338 est
1001 1292 1078 1337 non
1091 1266 1218 1352 latius,
1233 1286 1341 1361 quam

278 1380 463 1476 sexaginta
479 1402 613 1476 passus.
633 1385 715 1449 Haec
736 1404 810 1449 una
830 1377 992 1449 militaris
1009 1379 1066 1448 via
1087 1393 1162 1464 est,
1186 1401 1258 1474 qua
1272 1389 1340 1446 tra·

278 1490 362 1562 duci
384 1489 585 1575 exercitus,
612 1489 641 1559 si
668 1513 745 1558 non
772 1486 1056 1585 prohibeantur,
1080 1489 1232 1586 possint.
1257 1485 1341 1556 Ideo

276 1598 389 1694 Pyle,
409 1611 445 1667 et
464 1596 509 1666 ab
531 1597 626 1685 aliis,
647 1598 732 1693 quia
752 1595 871 1668 calidae
892 1622 994 1694 aquae
1018 1599 1056 1668 in
1077 1599 1165 1696 ipsis
1181 1593 1342 1668 faucibus
1421 1669 1422 1672 ,

276 1723 380 1796 sunt,
399 1705 651 1804 Thermopylae
666 1705 770 1778 locus
791 1707 1013 1804 appellatur,
1032 1706 1167 1778 nobilis
1186 1704 1343 1778 Lacedae
1421 1777 1422 1802 ἶ

277 1819 484 1890 moniorum
501 1817 670 1888 adversus
684 1823 830 1900 Persas7
844 1832 962 1890 morte
974 1819 1086 1914 magis
1099 1815 1342 1904 memorabili,

278 1955 388 2026 quam
404 1953 534 2025 pugna.
1421 1999 1422 2010 ¹

324 2044 420 2111 XVI.
443 2037 731 2135 Haudquaquam
751 2041 829 2136 pari
855 2055 931 2111 tum
954 2041 1098 2110 anim0¹
1122 2039 1346 2126 Antiochus,
1421 2027 1422 2112 l

276 2151 370 2220 intra
389 2162 511 2246 portas
528 2148 599 2219 loci
614 2151 694 2244 ejus·
707 2151 831 2250 castris
850 2151 996 2247 positis,
1010 2151 1280 2222 munitionibus
1293 2152 1344 2219 in-

277 2284 387 2356 super
406 2258 537 2330 saltum
555 2258 794 2355 impediebat;
813 2274 867 2345 et,
884 2285 998 2356 quum
1017 2259 1156 2357 duplici
1170 2261 1266 2331 vallo
1279 2258 1345 2329 fos·

277 2395 388 2467 saque
411 2383 447 2440 et
466 2394 573 2440 muro
595 2370 720 2456 etiam,
747 2395 897 2464 quares
920 2368 1144 2468 postulabat,
1165 2394 1211 2441 ex
1232 2369 1346 2440 multa
1421 2355 1422 2430 l

276 2483 380 2580 copia
396 2482 526 2579 passim
537 2480 735 2575 jacentium
746 2478 927 2577 lapidum,
945 2481 1191 2576 permunisset
1205 2481 1344 2563 omnia,

277 2595 361 2666 satis
376 2590 512 2677 fidens,
533 2615 721 2686 nunquam
739 2615 781 2661 ea
793 2591 865 2660 vim
879 2613 1068 2660 romanum
1085 2585 1319 2662 exercitumf
1336 2628 1347 2640 -
1421 2615 1422 2658 t

276 2710 457 2788 cturum²,
473 2699 609 2770 AEtolos
630 2725 675 2770 ex
693 2716 851 2799 quatuor
869 2699 1028 2772 millibus
1049 2703 1127 2794 (tot
1142 2702 1245 2773 enim
1266 2725 1348 2772 con·

313 2919 438 2970 5.Utnon
448 2913 785 2971 modouoneacrcitns,etc.
833 2915 1370 2979 113Herodot0‚VII,219,eat;Fron·'
1421 2907 1422 2920 l

277 2999 333 3048 vide
343 2997 409 3055 adl,
420 3003 452 3050 40
463 3029 470 3055 ,
483 3010 508 3041 n.
526 3010 548 3042 1.
830 2996 876 3044 tin.
893 2998 967 3044 Strat.
982 2996 1023 3052 ΙΙ,
1042 3011 1070 3054 a,
1089 3013 1114 3043 n.
1130 2997 1172 3046 13.
1186 3024 1224 3034 —
1236 2997 1312 3047 Cous.
1325 3007 1350 3045 et

312 3080 337 3126 ti.
351 3074 515 3123 Callidromon
529 3072 680 3137 appellatur,
693 3084 739 3121 etc.
753 3073 785 3119 cf.
830 3085 963 3122 nostratem
979 3072 1146 3131 Bartlidlemi,
1168 3079 1213 3139 qui
1234 3077 1348 3142 pulcher·

200 3187 207 3200 ι
277 3159 407 3222 scriptores
425 3151 518 3201 laudati
533 3169 558 3198 n.
577 3153 648 3200 3.—
662 3154 722 3200 Hoec
736 3168 787 3198 ana
830 3153 916 3200 rimam
935 3152 999 3200 banc
1017 3153 1126 3202 virorum
1153 3155 1350 3204 fortissimorum

276 3234 388 3287 militaris
397 3232 443 3280 via
458 3243 494 3279 est
499 3266 507 3288 ,
522 3246 573 3294 qua
586 3229 684 3278 traduci
693 3228 786 3278 exerci·
829 3243 933 3280 mortem
952 3230 1035 3279 vivide
1054 3221 1228 3294 adumbravit3
1250 3239 1351 3300 Voyagc
1421 3289 1422 3296 ἵ

276 3330 327 3374 tus,
352 3312 373 3361 si
391 3327 442 3359 non
464 3308 652 3374 prohibeantnrg
673 3307 785 3372 possint,
830 3311 863 3360 du
875 3311 952 3376 jcunc
967 3309 1133 3368 Anacharsis,
1155 3313 1349 3369 Introduction,
1421 3339 1422 3376 3

275 3397 386 3458 adeoque
397 3391 446 3438 lata
459 3407 488 3438 ac
502 3399 589 3448 strata,
603 3403 651 3450 qua
665 3387 786 3435 exereitus
829 3389 1032 3454 secondcpartie,
1044 3389 1134 3438 section
1146 3391 1294 3442 deracidme.
1305 3395 1350 3442 Eo.

275 3478 302 3524 ln
319 3471 459 3540 provincias
473 3479 514 3516 aut
527 3467 559 3514 ad
578 3483 643 3513 marc
655 3466 785 3516 ducuntur.
865 3470 1005 3518 canxvl.
1019 3469 1153 3533 1.Haudq.
1158 3471 1225 3534 pari
1234 3484 1287 3520 eum
1296 3471 1350 3519 ani·
1421 3505 1422 3508 ,

276 3555 348 3606 Conf.
364 3551 456 3609 XLIV,
470 3549 502 3603 43
519 3563 557 3611 pr.
573 3549 673 3596 Hotom.
692 3547 723 3594 ad
732 3548 785 3598 Cic.
830 3565 885 3608 mo,
894 3547 980 3596 eodem
990 3564 1025 3596 sc.
1036 3563 1087 3610 quo
1096 3549 1282 3598 Lacedaemonii
1292 3552 1352 3600 olim

275 3639 428 3686 Proncons.
444 3645 475 3686 a,
489 3627 588 3690 etiupr.
607 3627 741 3690 Bergierius
755 3626 786 3676 dc
829 3629 925 3678 bostem
950 3642 1001 3675 non
1028 3627 1164 3690 fugientes,
1193 3631 1239 3678 sed
1260 3641 1352 3696 sponte
1421 3681 1422 3690 ¹

275 3717 330 3763 Viis
348 3727 411 3762 rom.
428 3707 550 3772 publicis,
565 3707 614 3762 111,
629 3706 785 3761 dte-Idea
829 3708 905 3756 morti
927 3717 1082 3754 occurrentes
1099 3707 1130 3754 ad
1149 3709 1352 3759 internecionem

276 3793 382 3856 Pylae...
399 3786 538 3850 appellatur
543 3804 554 3843 ,·
569 3784 626 3832 vide
638 3783 669 3832 ad
681 3787 784 3843 xxm,
829 3803 937 3851 pugnare
958 3797 982 3833 et
1003 3785 1101 3836 vincere
1119 3802 1172 3834 uon
1190 3787 1353 3838 destiterunt.

276 3888 324 3934 29,
337 3884 362 3916 n.
380 3883 402 3914 1.
779 3899 783 3908 ·
829 3869 874 3914 En.
892 3865 1032 3912 -Saltum
1052 3865 1219 3930 impediebam
1240 3869 1301 3917 vide
1321 3869 1353 3916 ad
1421 3925 1422 3932 ἵ

313 3965 336 4010 7.
351 3943 446 3994 Nobilis
463 3943 715 4002 Lacedaemoniorum,
731 3943 786 4007 qui·
829 3946 882 4003 tx,
894 3946 974 4004 43,n.
990 3945 1015 3991 6.
1031 3971 1065 3980 -
1076 3945 1110 3990 Et
1125 3960 1196 3991 maro
1212 3947 1291 3996 etiarn
1308 3948 1353 3996 du-

275 4033 320 4080 bus
332 4024 453 4074 Leonidas
470 4035 584 4088 praeerat,
602 4023 714 4073 adversus
725 4028 784 4072 Per·
828 4023 896 4088 plici.
909 4023 981 4072 Confi
991 4007 1099 4087 Appiam.
1110 4025 1164 4086 syr.
1179 4027 1223 4073 18.

210 4163 214 4173 ,
277 4127 332 4165 sas,
344 4119 390 4154 ete.
404 4121 442 4152 res
452 4116 511 4152 nota
522 4105 560 4152 vel
572 4121 602 4152 ex
615 4105 730 4161 mnino,
744 4106 783 4161 ΙΙ,
865 4119 889 4150 a.
902 4104 941 4149 Ea
959 4114 1027 4167 parte
1044 4101 1095 4149 vim
1112 4118 1247 4151 romanum
1261 4104 1353 4168 factu-
