2848 4958
115 433 170 534 tt
181 445 223 534 3311
287 451 379 522 mn.
408 451 580 519 xxxvi.
608 453 711 522 car.
739 453 820 519 xa.
847 455 950 522 xxi.
1088 451 1134 548 ³9

94 577 266 673 petierunt.
292 573 349 645 Ibi
375 587 544 643 mortuus
567 570 802 670 sepultusque
824 570 1034 644 Alexander.
1054 577 1140 644 Tres

18 743 19 758 .
94 709 161 782 quae
188 711 230 766 m
254 685 337 756 Asia
361 680 533 781 profectae
563 681 730 752 eumdem
765 693 912 780 portum
948 695 1141 753 tenuerant

93 818 205 880 naves,
233 792 353 864 audita
380 793 558 863 exereitus
584 790 705 878 clade,
735 791 917 890 Ephesum
941 791 1139 863 redierunt.

92 903 235 974 Isidorus
253 902 300 974 ab
318 907 449 974 Cenaeo
468 902 754 990 Demetriadem,
773 905 803 972 si
816 900 911 974 sorte
928 925 972 973 eo
986 893 1143 974 deferret

93 1011 163 1108 luga
175 1035 295 1110 regem
304 1015 331 1100 ⁴,
345 1011 492 1107 trajecit.
506 1015 573 1083 Per
588 1009 826 1084 eosdem-dies
839 1015 878 1083 A.
895 1011 1042 1100 Atilius,
1057 1037 1146 1111 prae·

93 1122 191 1196 lectus
214 1147 373 1193 romanae
401 1122 541 1210 classis,
569 1145 718 1219 magnos
753 1123 871 1222 regios
897 1135 1141 1208 commeatus,

89 1233 149 1324 jam
165 1230 317 1319 fretum,
338 1232 438 1328 quod
463 1231 509 1302 ad
530 1231 694 1303 Andrum
713 1232 868 1303 insulam
890 1247 943 1304 est
955 1227 981 1319 ⁵,
999 1245 1144 1328 praeter-

93 1345 218 1429 vectos,
236 1343 400 1439 excepit3
419 1342 505 1412 alias
526 1344 668 1430 mersit,
691 1343 776 1414 alias
794 1345 889 1440 cepit
912 1367 1030 1414 naves.
1055 1345 1144 1434 Quae

93 1451 279 1522 novissimae
298 1453 449 1548 agminis
466 1467 586 1540 erant,
601 1476 747 1525 cursum
760 1455 799 1523 in
814 1455 932 1524 Asiam
946 1467 1144 1524 verterunt.

94 1560 204 1633 Atilius
225 1563 421 1648 Piraeeum,
445 1561 543 1633 unde
567 1561 751 1660 profectus
778 1577 874 1650 erat,
899 1586 981 1633 cum
1002 1562 1145 1660 agmine

92 1672 298 1766 captivarum
323 1674 468 1743 navium
493 1687 675 1760 revectus,
701 1697 869 1770 magnam
891 1673 964 1741 vim
981 1670 1144 1742 frumen·

94 1777 113 1845 ti
135 1791 167 1850 et
188 1779 470 1852 Atheniensibus
497 1794 534 1851 et
565 1782 641 1852 aliis
665 1782 827 1877 ejusdem
859 1783 1016 1879 regionis
1042 1782 1146 1853 sociis

91 1885 203 1960 divisit.
960 1891 971 1906 ”

129 2003 217 2071 XXI.
240 2001 462 2090 Antiochus,
480 2001 548 2073 sub
563 2002 758 2073 adventum
772 2002 930 2074 consulis
943 2027 963 2072 a
977 1999 1146 2074 Chalcide

90 2105 280 2202 proiectus,
292 2115 433 2183 Tenum
442 2112 559 2209 primo
573 2114 688 2183 tenuit
700 2123 711 2154 ¹
724 2139 731 2182 :
742 2114 827 2183 inde
838 2112 1022 2211 Ephesum
1035 2125 1147 2181 trans-

89 2218 182 2288 misit.
207 2221 359 2292 Consuli
384 2219 591 2294 Chalcidem
616 2225 777 2294 venienti
797 2239 910 2321 portae
930 2235 1144 2320 patuerunt,

90 2351 208 2422 quum,
224 2332 545 2428 appropinquante
564 2355 630 2420 eo,
646 2333 854 2404 Aristoteles
865 2331 1075 2430 ,praefectus
1091 2354 1147 2404 re·

18 2481 19 2484 =
85 2438 147 2532 gis,
168 2441 261 2512 urbe
280 2442 511 2514 excessisset:
530 2458 567 2515 et
583 2458 718 2514 caeterae
737 2441 847 2513 urbes
867 2444 904 2512 in
923 2441 1056 2512 Euboea
1074 2442 1148 2511 sine

18 2591 19 2614 t
89 2553 275 2622 certamine
289 2546 447 2641 traditor,
462 2567 545 2651 post
557 2577 765 2652 paucosque
778 2553 868 2638 dies,
882 2550 1055 2621 omnibus
1068 2573 1148 2647 per·

88 2664 225 2754 pacatis,
247 2662 325 2732 sine
341 2661 449 2734 ullius
465 2687 561 2734 noxa
578 2661 678 2736 urbis
694 2663 872 2733 exercitus
888 2658 1148 2759 Thermopylas

88 2769 248 2842 reductus
259 2825 270 2858 ,
283 2771 400 2842 multo
417 2771 595 2844 modestia
611 2788 697 2869 post
718 2773 925 2861 victoriam,
944 2795 1056 2870 quam
1072 2773 1149 2868 ipsa

88 2879 244 2969 victoria,
273 2878 498 2950 laudabilior.
525 2880 616 2953 Inde
645 2881 772 2953 consul
794 2887 842 2952 Μ.
867 2887 1065 2968 Catonem,
1083 2869 1149 2978 per

18 3029 19 3044 .
88 3012 208 3082 quem,
234 3014 318 3087 quae
339 3005 440 3087 gesta
459 3004 599 3078 essent,
619 3006 763 3062 senatus
784 2990 1015 3087 populusque
1033 3013 1149 3060 roma·

18 3119 19 3132 *
89 3122 149 3169 nus
170 3099 273 3172 haud
291 3099 404 3171 dubio
418 3111 596 3191 auctore²
616 3101 741 3188 sciret,
765 3104 917 3170 Romam
941 3099 1048 3169 misit.
1073 3104 1108 3170 Is
1130 3123 1150 3168 a

18 3307 19 3342 I
88 3311 194 3370 unctio
208 3316 266 3364 Cer.
279 3315 323 3374 753
337 3313 590 3366 Berkel.etIIolsten.
673 3325 697 3372 4.
711 3319 749 3364 Eo
769 3314 874 3382 deferret
882 3316 951 3384 suga
968 3327 1149 3382 regem,tropo

87 3391 114 3437 ad
128 3394 211 3458 steph.
225 3396 302 3460 uyz,
320 3405 345 3442 et
356 3395 491 3460 Schweigh.
502 3395 533 3443 ad
548 3397 592 3444 Po·
637 3406 735 3460 sumpto
749 3405 991 3460 intempestumque
1008 3395 1151 3462 deferrentur

87 3469 265 3538 lyt.1v,25‚s
275 3489 288 3519 a
300 3508 308 3532 ,
321 3484 345 3521 et
354 3475 450 3532 XXVI,
462 3474 493 3532 5,
506 3471 593 3538 §a.-
637 3475 780 3539 navigantes
793 3493 817 3523 v.
831 3491 854 3540 g.
866 3475 898 3524 ad
913 3477 1044 3542 scopulos3
1057 3479 1115 3524 Em.

18 3561 19 3606 I
89 3547 155 3599 Notat
164 3551 285 3616 Doering.
297 3551 390 3599 cultum
398 3552 465 3599 hunc
475 3553 594 3600 MInervae
675 3553 699 3601 5.
711 3557 810 3602 fretum
819 3555 856 3601 ad
863 3556 976 3610 Andrum
988 3555 1106 3613 insulam,-
1126 3573 1150 3603 v.

89 3627 167 3678 ltonioe
175 3631 252 3680 fuisse
264 3643 425 3697 propagatum
435 3631 468 3678 ad
477 3631 594 3689 Boeotos,
638 3631 670 3680 ad
678 3633 783 3692 XXXI,
798 3633 840 3693 45,
853 3645 907 3681 not.
918 3650 942 3683 α.
957 3661 992 3670 -
1009 3634 1151 3682 Novissimae

89 3708 125 3770 qui
139 3709 219 3758 eidem
231 3711 351 3776 templum
363 3711 394 3759 ad
405 3712 542 3760 Coroneam
551 3726 594 3758 ex·
639 3711 744 3776 agminis
762 3724 844 3770 erant,
862 3713 903 3761 ulii
923 3712 1046 3761 novissimi
1054 3748 1062 3771 ,
1078 3713 1151 3778 prob.

89 3795 223 3838 struxerunt
236 3788 302 3856 (vid.
319 3789 421 3838 Pausau.
440 3788 518 3836 Phoc.
532 3786 595 3852 34),
639 3789 763 3840 Cicvcrio.

91 3878 133 3924 quo
141 3902 148 3925 ,
156 3880 184 3917 ut
199 3869 316 3918 observat
332 3870 430 3918 Crever.
440 3867 472 3916 ad
483 3868 550 3916 hunc
559 3868 596 3916 lo·
680 3870 741 3918 Car.
753 3872 825 3919 XXI.
838 3887 860 3918 1.
874 3872 963 3920 Tenum
967 3871 1049 3938 primo
1061 3873 1154 3930 reatuin

90 3957 150 4003 eum,
160 3947 243 3995 Boeoti
256 3947 286 3994 ds
296 3947 368 3994 rebus
377 3947 548 3995 communibus
559 3947 599 3995 de·
641 3949 698 3997 ride
711 3948 743 3996 ad
755 3950 782 4009 1,
794 3965 816 4008 1,
827 3966 853 3999 n.
864 3952 888 3998 8.
896 3951 978 3998 Tenus
987 3951 1053 3999 inter
1064 3951 1152 4016 Cycla-

18 4015 19 4018 *
91 4019 218 4085 liberatum,
228 4027 361 4074 convenire
372 4027 492 4074 solebant.
501 4027 539 4074 De
548 4026 597 4074 Μί-
641 4027 684 4076 das
699 4027 816 4076 estineo
830 4028 931 4089 itinere,
941 4030 1009 4094 quod
1019 4030 1050 4078 ab
1059 4031 1152 4078 Euboea

90 4115 157 4150 nerra
164 4103 250 4153 Itonia
258 4105 324 4152 conf.
331 4107 403 4153 Voss.
414 4104 446 4152 ad
459 4105 595 4164 Catullum,
640 4109 763 4173 Ephesum
773 4109 841 4157 ducit
849 4093 857 4166 ;Ι
865 4109 931 4156 Glar.
944 4110 1064 4157 Tenedum
1077 4108 1126 4156 alii.

92 4179 175 4244 mv,
188 4199 249 4244 ²27·
259 4185 306 4231 En.
676 4203 701 4234 a.
712 4189 790 4235 Haud
798 4187 871 4235 dubio
881 4199 979 4250 pectore
986 4223 994 4245 ,
1009 4187 1070 4235 sorte
1084 4185 1155 4233 haud
