2848 4958
223 535 371 595 caeteros
387 517 556 619 princeps
569 520 768 628 AEtolorum
781 522 1011 594 Damocritus
1024 537 1099 610 est,
1113 526 1177 620 qui
1190 526 1290 620 prin-

222 631 317 727 cipio
330 627 416 702 belli
431 628 615 700 decretum
630 628 851 720 AEtolorum,
865 656 939 728 quo
953 633 1209 706 arcessendum
1220 636 1293 704 An·

220 739 384 817 tiochum
405 755 620 811 censuerant
631 736 659 829 ⁵,
677 745 716 810 T.
732 742 885 831 Quintio
906 744 1070 839 poscenti
1089 742 1291 841 responde-

220 865 301 922 rat:
325 856 369 924 In
391 849 502 920 Italia
524 851 714 937 datiarum,
738 876 852 947 quum
874 868 995 923 eastra
1017 853 1070 924 ibi
1089 852 1205 924 AEtoli
1214 878 1291 950 po-

220 964 383 1030 suissent.
404 957 462 1030 Ob
485 983 564 1030 eam
582 956 751 1034 ferociam
769 961 887 1055 majus
904 961 1100 1037 victoribus
1118 961 1294 1059 gaudium

175 1137 192 1158 ,
221 1067 374 1139 traditus
391 1065 471 1141 luit.

268 1182 381 1250 XXV.
409 1178 546 1252 Eodem
572 1194 760 1280 tempore,
787 1205 862 1277 quo
887 1182 1038 1252 Romani
1062 1176 1293 1269 Heracleam,

221 1287 408 1386 Philippus
427 1291 588 1362 Lamiam
613 1316 659 1362 ex
680 1292 904 1387 composito¹
926 1290 1178 1388 oppugnabat,
1199 1292 1295 1362 circa

221 1397 478 1497 Thermopylas
503 1425 586 1473 curn
609 1401 779 1487 consule,
803 1400 977 1472 redeunte
1001 1426 1046 1472 ex
1069 1404 1226 1488 Boeotia,
1251 1415 1296 1470 ut

222 1509 409 1579 victoriam
425 1510 493 1606 ipsi
511 1511 724 1608 populoque
743 1534 896 1581 romano
909 1511 1164 1606 gratularetur,
1182 1535 1294 1581 excu-

223 1632 409 1715 saretque‚
428 1619 529 1714 quod
545 1618 677 1696 morbo
692 1619 887 1718 impeditus
901 1620 1001 1692 hello
1019 1646 1095 1692 non
1113 1618 1297 1692 interfuis-

224 1743 299 1813 set,
313 1752 539 1826 congressus.
552 1729 642 1800 Inde
656 1730 787 1802 diversi
800 1729 846 1801 ad
858 1726 946 1801 duas
959 1731 1066 1802 simul
1081 1753 1297 1826 oppugnan-

225 1839 288 1910 das
316 1837 425 1909 urbes
454 1837 619 1937 profecti.
650 1847 837 1913 Intersunt
866 1855 1005 1938 septem
1036 1841 1145 1911 millia
1177 1838 1294 1910 ferme

224 1977 417 2050 passuum,
433 1969 469 2024 et
483 1955 567 2050 quia
586 1956 707 2026 Lamia
728 1980 843 2051 quum
857 1956 975 2051 posita
987 1969 1041 2025 est
1053 1956 1113 2024 in²
1130 1953 1293 2041 tumulo,

223 2077 304 2134 tum
330 2063 514 2158 regionem
541 2086 620 2136 eam
650 2066 804 2136 maxime
830 2064 1035 2162 despectat,
1058 2062 1196 2161 oppido
1220 2087 1296 2159 qua

224 2173 335 2245 breve
363 2173 594 2245 intervallum
620 2173 786 2262 videtur,
816 2188 852 2246 et
880 2174 1003 2244 omnia
1027 2173 1067 2242 in
1094 2184 1295 2268 conspectu

225 2295 320 2354 sunt.
344 2287 467 2374 Quum
496 2285 615 2370 enise,
642 2284 743 2354 velut
769 2285 957 2381 proposito
985 2283 1198 2367 certamine,
1218 2285 1295 2351 Ro-

225 2397 323 2468 mani
337 2396 630 2492 Macedonesque
648 2395 743 2467 diem
759 2420 801 2467 ac
813 2408 958 2466 noctem
972 2407 1035 2463 aut
1049 2394 1086 2462 in
1101 2390 1295 2489 operibuS,

224 2520 288 2578 aut
312 2507 350 2584 in
373 2505 503 2604 praeliis
525 2505 755 2592 essent,th
778 2505 896 2599 major
917 2501 1108 2574 difficultas
1128 2500 1297 2574 Macedo-

263 2719 286 2764 5.
303 2716 475 2774 Damocritus,
489 2715 533 2780 qui
540 2715 674 2779 principio,
690 2726 737 2764 etc.
782 2715 843 2780 quia
858 2715 947 2762 Lamia
957 2729 1032 2777 quum
1044 2713 1201 2776 posita...ea
1214 2713 1298 2761 maxi·

224 2797 283 2845 vide
295 2795 327 2842 sd
340 2795 450 2854 XXXV,
466 2795 508 2843 33.
520 2821 555 2832 -
567 2793 740 2858 Traditusfuit
783 2809 821 2841 me
839 2794 964 2858 despectat
981 2792 1112 2856 oppidum,
1128 2805 1297 2855 qua...sunt‚·

225 2875 288 2940 (soil.
299 2871 465 2937 Damocritus)
479 2890 511 2921 ex
524 2872 618 2921 emend.
629 2873 738 2922 Freinsh.
783 2889 858 2936 mum
868 2871 948 2930 enisa,
964 2881 1011 2920 etc.
1023 2871 1062 2918 Ex
1076 2886 1124 2934 qua
1139 2870 1246 2918 lectione
1258 2873 1297 2919 Si-

225 2966 250 3004 et
262 2954 347 3019 primis
356 2953 412 3001 edd.
425 2968 472 3018 pro
487 2951 604 3000 traditum
606 2951 667 3018 suit.
784 2968 841 3016 gon.
852 2951 949 3016 quidem
965 2967 1075 3010 sensum,
1085 2949 1127 2998 sed
1138 2950 1190 3014 ipsa
1201 2949 1296 3000 ohscu-

261 3035 322 3082 Csr.
331 3034 415 3082 XXV.
427 3048 450 3081 1.
458 3033 500 3080 Ea
510 3031 652 3098 composito,
663 3031 740 3080 Nimi·
783 3031 886 3089 tionem,
897 3041 921 3079 et
931 3031 1009 3079 Gron.
1018 3031 1085 3077 hunc
1098 3027 1176 3078 elicit:
1187 3027 1237 3076 hoc
1247 3029 1297 3078 dif·

224 3129 293 3172 rum,
303 3124 331 3160 ut
344 3123 415 3160 notat
427 3113 558 3175 Doering.,
576 3111 705 3176 Philippus
715 3122 739 3159 et
783 3108 915 3158 licultatem
922 3109 1030 3157 attulisse
1037 3108 1297 3172 Macedonibus‚quod

225 3193 313 3242 consul
330 3192 360 3239 de
372 3192 418 3238 heo
434 3207 460 3240 re
477 3192 540 3240 inter
556 3207 582 3238 se
599 3201 697 3254 egerant
715 3201 739 3238 et
783 3189 849 3236 unde
871 3189 976 3237 maxime
998 3188 1086 3236 matari
1106 3187 1164 3234 urhe
1183 3199 1296 3252 poterat,

227 3283 405 3327 couvenerant,
420 3281 448 3318 ut
460 3271 542 3317 statim
551 3268 658 3328 additur,
673 3269 740 3316 εἶναι
784 3283 872 3333 nempe
881 3284 928 3331 qua
937 3277 1007 3331 parte
1015 3267 1184 3316 brevissimum
1195 3277 1246 3314 erat
1255 3268 1296 3316 in·

231 3350 422 3414 Thermopylas,
446 3349 491 3396 uhi
514 3349 642 3413 Philippus
668 3359 737 3395 antea
784 3346 908 3393 tervallum
927 3360 970 3394 seu
991 3345 1095 3408 spatium
1109 3347 1174 3393 inter
1192 3345 1296 3406 collem,

226 3445 281 3476 cum
294 3427 395 3476 consule
407 3443 550 3492 congressus
562 3428 647 3475 fueret.
657 3429 739 3475 En-
783 3425 824 3472 cui
833 3436 884 3473 erat
893 3425 1021 3488 imposita,
1032 3434 1057 3471 et
1069 3424 1157 3488 plana,
1168 3425 1195 3471 in
1204 3424 1296 3488 quibus

226 3509 289 3555 Inde
304 3505 552 3572 diversi..prosecti;
573 3505 629 3555 vide
645 3506 677 3554 ad
688 3509 738 3567 111,
783 3503 899 3551 tendebat
917 3503 1061 3566 Philippus,
1082 3519 1110 3550 ea
1130 3503 1197 3567 regio
1214 3505 1297 3552 omnis

228 3589 277 3645 oo,
295 3604 322 3635 u.
338 3603 360 3633 1.
783 3583 914 3648 oppidanis
925 3592 976 3629 erat
993 3580 1038 3628 sub
1058 3582 1193 3630 certissimo
1210 3583 1297 3630 oculo·

264 3683 288 3715 a.
301 3667 334 3713 Et
343 3663 403 3729 quia
414 3663 502 3711 Lamia
510 3663 681 3727 quumposita,
691 3673 737 3711 etc.
782 3679 835 3710 rum
845 3665 907 3720 ictu,
918 3671 945 3710 ut
955 3661 1017 3709 nihil
1027 3677 1124 3709 movere
1133 3671 1223 3726 posset,
1233 3663 1297 3726 quin

227 3745 373 3808 eplerisque
382 3745 445 3790 MSS
456 3755 482 3790 et
495 3741 551 3790 edd.
565 3754 626 3789 antt.
643 3743 738 3791 restitui
782 3742 1002 3790 animadverterent
1020 3753 1226 3804 occurrerentque
1249 3741 1297 3790 oh·

225 3836 324 3871 auctore
333 3822 467 3871 Benedicto
477 3821 503 3867 in
513 3817 586 3870 Obss.
594 3821 627 3870 ed
635 3822 739 3880 Livium,
782 3825 854 3879 sessi,
876 3831 949 3884 atque
968 3837 998 3868 eo
1019 3820 1206 3884 compelleretur
1230 3819 1298 3868 dolis

225 3902 299 3965 Terg.
313 3902 388 3956 1804.
401 3900 530 3958 Gelenius,
543 3902 653 3950 Gronov.
668 3901 737 3948 Crev.
783 3901 944 3950 subterraneis
957 3915 1036 3964 agere,
1047 3916 1101 3946 nou
1115 3916 1188 3964 supra
1205 3911 1296 3948 terram

225 3979 305 4046 (mue
317 3980 358 4026 hio
371 3980 459 4027 citatur
474 3980 570 4029 Crever.
586 3981 629 4044 qui
646 3979 737 4037 edidit,
782 3980 871 4029 moliri.
885 3979 1009 4028 Sententia
1027 3979 1080 4026 haec
1100 3990 1155 4042 apta
1176 3979 1296 4042 quIdem,

223 4059 362 4123 despectat,
383 4058 473 4122 oppido
492 4076 567 4124 quam
583 4060 664 4116 breve,
686 4071 733 4107 etc.
782 4059 824 4108 sed
843 4060 927 4108 durius
944 4075 1070 4124 expresss3
1093 4058 1161 4122 quod
1180 4059 1296 4123 pluribus

225 4137 281 4202 Eu.)
290 4149 313 4186 et
325 4138 400 4185 Drak.
414 4138 493 4186 ecod.
503 4139 571 4203 Mog.
584 4139 681 4186 edidere
692 4153 698 4186 :
711 4150 735 4184 et
779 4137 864 4185 docuit
882 4138 975 4186 Duker.
998 4137 1066 4185 Idem
1084 4148 1109 4184 et
1127 4137 1216 4196 Drak.‚
1236 4154 1293 4200 quae
