<?xml version="1.0" encoding="UTF-8"?>
<!DOCTYPE html PUBLIC "-//W3C//DTD XHTML 1.0 Transitional//EN"
    "http://www.w3.org/TR/xhtml1/DTD/xhtml1-transitional.dtd">
<html xmlns="http://www.w3.org/1999/xhtml" xml:lang="en" lang="en">
 <head>
  <title>
</title>
<meta http-equiv="Content-Type" content="text/html;charset=utf-8" />
  <meta name='ocr-system' content='tesseract 3.04.00' />
  <meta name='ocr-capabilities' content='ocr_page ocr_carea ocr_par ocr_line ocrx_word'/>
</head>
<body>
  <div class='ocr_page' id='page_1' title='image "bibliothecaclas100lemagoog_0069.png"; bbox 0 0 2848 4958; ppageno 0'>
   <div class='ocr_carea' id='block_1_1' title="bbox 228 443 1410 2447">
    <p class='ocr_par' dir='ltr' id='par_1_1' title="bbox 282 443 1318 551">
     <span class='ocr_line' id='line_1_1' title="bbox 282 443 1318 551; baseline -0.011 0"><span class='ocrx_word' id='word_1_1' title='bbox 282 463 330 551; x_wconf 72' lang='grc'><strong>54</strong></span> <span class='ocrx_word' id='word_1_2' title='bbox 708 465 747 532; x_wconf 65' lang='grc' dir='ltr'><strong>Τ.</strong></span> <span class='ocrx_word' id='word_1_3' title='bbox 780 464 921 533; x_wconf 79' lang='lat' dir='ltr'>L1V11</span> <span class='ocrx_word' id='word_1_4' title='bbox 972 521 976 533; x_wconf 76' lang='lat'><strong>.</strong></span> <span class='ocrx_word' id='word_1_5' title='bbox 1201 443 1318 546; x_wconf 64' lang='lat' dir='ltr'><strong>etti</strong></span> 
     </span>
    </p>

    <p class='ocr_par' dir='ltr' id='par_1_2' title="bbox 228 580 1410 2447">
     <span class='ocr_line' id='line_1_2' title="bbox 327 580 1341 682; baseline -0.008 -24"><span class='ocrx_word' id='word_1_6' title='bbox 327 591 454 660; x_wconf 87' lang='lat' dir='ltr'>XXXI.</span> <span class='ocrx_word' id='word_1_7' title='bbox 472 584 610 656; x_wconf 87' lang='lat' dir='ltr'><strong>Eodem</strong></span> <span class='ocrx_word' id='word_1_8' title='bbox 625 598 791 682; x_wconf 87' lang='lat' dir='ltr'><strong>tempore</strong></span> <span class='ocrx_word' id='word_1_9' title='bbox 809 599 846 654; x_wconf 90' lang='lat' dir='ltr'><strong>et</strong></span> <span class='ocrx_word' id='word_1_10' title='bbox 863 587 1027 654; x_wconf 82' lang='lat' dir='ltr'><strong>Messene</strong></span> <span class='ocrx_word' id='word_1_11' title='bbox 1045 582 1083 650; x_wconf 91' lang='lat' dir='ltr'><strong>in</strong></span> <span class='ocrx_word' id='word_1_12' title='bbox 1097 580 1341 676; x_wconf 85' lang='lat' dir='ltr'><strong>Peloponneso</strong></span> 
     </span>
     <span class='ocr_line' id='line_1_3' title="bbox 228 695 1341 794; baseline -0.008 -23"><span class='ocrx_word' id='word_1_13' title='bbox 228 789 230 794; x_wconf 23' lang='grc' dir='ltr'>Ι</span> <span class='ocrx_word' id='word_1_14' title='bbox 278 699 325 770; x_wconf 90' lang='lat' dir='ltr'><strong>ab</strong></span> <span class='ocrx_word' id='word_1_15' title='bbox 353 697 514 782; x_wconf 76' lang='lat' dir='ltr'><strong>Achaeis,</strong></span> <span class='ocrx_word' id='word_1_16' title='bbox 536 695 638 793; x_wconf 93' lang='lat' dir='ltr'><strong>quod</strong></span> <span class='ocrx_word' id='word_1_17' title='bbox 658 695 800 772; x_wconf 91' lang='lat' dir='ltr'><strong>concilii</strong></span> <span class='ocrx_word' id='word_1_18' title='bbox 819 717 948 766; x_wconf 89' lang='lat' dir='ltr'><strong>corum</strong></span> <span class='ocrx_word' id='word_1_19' title='bbox 968 705 1151 765; x_wconf 85' lang='lat' dir='ltr'><strong>recusaret</strong></span> <span class='ocrx_word' id='word_1_20' title='bbox 1169 713 1264 781; x_wconf 88' lang='lat' dir='ltr'><strong>esse,</strong></span> <span class='ocrx_word' id='word_1_21' title='bbox 1285 715 1341 788; x_wconf 93' lang='lat' dir='ltr'><strong>op·</strong></span> 
     </span>
     <span class='ocr_line' id='line_1_4' title="bbox 276 804 1342 908; baseline -0.012 -25"><span class='ocrx_word' id='word_1_22' title='bbox 276 811 433 908; x_wconf 85' lang='lat' dir='ltr'><strong>pugnari</strong></span> <span class='ocrx_word' id='word_1_23' title='bbox 450 821 570 905; x_wconf 88' lang='lat' dir='ltr'><strong>coepta</strong></span> <span class='ocrx_word' id='word_1_24' title='bbox 589 821 653 880; x_wconf 88' lang='lat' dir='ltr'><strong>est.</strong></span> <span class='ocrx_word' id='word_1_25' title='bbox 673 807 816 878; x_wconf 89' lang='lat' dir='ltr'><strong>Etenim</strong></span> <span class='ocrx_word' id='word_1_26' title='bbox 835 804 915 877; x_wconf 85' lang='lat' dir='ltr'><strong>duae</strong></span> <span class='ocrx_word' id='word_1_27' title='bbox 933 805 1111 891; x_wconf 85' lang='lat' dir='ltr'><strong>civitates,</strong></span> <span class='ocrx_word' id='word_1_28' title='bbox 1132 807 1292 882; x_wconf 85' lang='lat' dir='ltr'><strong>Messene</strong></span> <span class='ocrx_word' id='word_1_29' title='bbox 1309 814 1342 871; x_wconf 88' lang='lat' dir='ltr'><strong>et</strong></span> 
     </span>
     <span class='ocr_line' id='line_1_5' title="bbox 277 911 1343 1008; baseline -0.01 -16"><span class='ocrx_word' id='word_1_30' title='bbox 277 921 371 1008; x_wconf 91' lang='lat' dir='ltr'><strong>Elis,</strong></span> <span class='ocrx_word' id='word_1_31' title='bbox 398 933 498 991; x_wconf 85' lang='lat' dir='ltr'><strong>extra</strong></span> <span class='ocrx_word' id='word_1_32' title='bbox 525 917 721 990; x_wconf 89' lang='lat' dir='ltr'><strong>concilium</strong></span> <span class='ocrx_word' id='word_1_33' title='bbox 749 914 946 990; x_wconf 86' lang='lat' dir='ltr'><strong>Achaicum</strong></span> <span class='ocrx_word' id='word_1_34' title='bbox 972 929 1096 1003; x_wconf 82' lang='lat' dir='ltr'><strong>erant3</strong></span> <span class='ocrx_word' id='word_1_35' title='bbox 1124 937 1208 984; x_wconf 89' lang='lat' dir='ltr'><strong>cum</strong></span> <span class='ocrx_word' id='word_1_36' title='bbox 1226 911 1343 984; x_wconf 82' lang='lat' dir='ltr'><strong>AEtolis</strong></span> 
     </span>
     <span class='ocr_line' id='line_1_6' title="bbox 278 1022 1343 1124; baseline -0.009 -22"><span class='ocrx_word' id='word_1_37' title='bbox 278 1026 521 1102; x_wconf 80' lang='lat' dir='ltr'><strong>sentiebant1.</strong></span> <span class='ocrx_word' id='word_1_38' title='bbox 555 1026 631 1098; x_wconf 88' lang='lat' dir='ltr'><strong>Elei</strong></span> <span class='ocrx_word' id='word_1_39' title='bbox 663 1041 811 1117; x_wconf 85' lang='lat' dir='ltr'><strong>tamen,</strong></span> <span class='ocrx_word' id='word_1_40' title='bbox 842 1039 927 1124; x_wconf 90' lang='lat' dir='ltr'><strong>post</strong></span> <span class='ocrx_word' id='word_1_41' title='bbox 953 1023 1117 1122; x_wconf 80' lang='lat' dir='ltr'><strong>fugatum</strong></span> <span class='ocrx_word' id='word_1_42' title='bbox 1145 1048 1189 1095; x_wconf 84' lang='lat' dir='ltr'><strong>ex</strong></span> <span class='ocrx_word' id='word_1_43' title='bbox 1215 1022 1343 1098; x_wconf 81' lang='lat' dir='ltr'><strong>Graecia</strong></span> 
     </span>
     <span class='ocr_line' id='line_1_7' title="bbox 277 1133 1343 1235; baseline -0.011 -22"><span class='ocrx_word' id='word_1_44' title='bbox 277 1140 520 1227; x_wconf 86' lang='lat' dir='ltr'><strong>Antiochum,</strong></span> <span class='ocrx_word' id='word_1_45' title='bbox 543 1137 669 1235; x_wconf 86' lang='lat' dir='ltr'><strong>legatis</strong></span> <span class='ocrx_word' id='word_1_46' title='bbox 687 1137 901 1208; x_wconf 83' lang='lat' dir='ltr'><strong>Achaeorum</strong></span> <span class='ocrx_word' id='word_1_47' title='bbox 924 1137 1043 1208; x_wconf 89' lang='lat' dir='ltr'><strong>lenius</strong></span> <span class='ocrx_word' id='word_1_48' title='bbox 1064 1133 1343 1232; x_wconf 85' lang='lat' dir='ltr'><strong>responderant,</strong></span> 
     </span>
     <span class='ocr_line' id='line_1_8' title="bbox 277 1242 1344 1348; baseline -0.009 -27"><span class='ocrx_word' id='word_1_49' title='bbox 277 1251 426 1322; x_wconf 74' lang='lat' dir='ltr'><strong>dimisso</strong></span> <span class='ocrx_word' id='word_1_50' title='bbox 438 1249 618 1348; x_wconf 80' lang='lat' dir='ltr'><strong>praesidio</strong></span> <span class='ocrx_word' id='word_1_51' title='bbox 638 1255 753 1346; x_wconf 79' lang='lat' dir='ltr'><strong>regio,</strong></span> <span class='ocrx_word' id='word_1_52' title='bbox 777 1253 995 1344; x_wconf 77' lang='lat' dir='ltr'><strong>cogitaturos</strong></span> <span class='ocrx_word' id='word_1_53' title='bbox 1017 1271 1074 1334; x_wconf 88' lang='lat' dir='ltr'><strong>se,</strong></span> <span class='ocrx_word' id='word_1_54' title='bbox 1091 1246 1185 1344; x_wconf 86' lang='lat' dir='ltr'><strong>quid</strong></span> <span class='ocrx_word' id='word_1_55' title='bbox 1202 1242 1272 1316; x_wconf 87' lang='lat' dir='ltr'><strong>sibi</strong></span> <span class='ocrx_word' id='word_1_56' title='bbox 1279 1243 1344 1332; x_wconf 85' lang='lat' dir='ltr'><strong>fa·</strong></span> 
     </span>
     <span class='ocr_line' id='line_1_9' title="bbox 276 1353 1344 1457; baseline -0.008 -25"><span class='ocrx_word' id='word_1_57' title='bbox 276 1362 446 1436; x_wconf 86' lang='lat' dir='ltr'><strong>ciendum</strong></span> <span class='ocrx_word' id='word_1_58' title='bbox 467 1376 568 1432; x_wconf 83' lang='lat' dir='ltr'><strong>essct.</strong></span> <span class='ocrx_word' id='word_1_59' title='bbox 591 1359 778 1445; x_wconf 88' lang='lat' dir='ltr'><strong>Messenii,</strong></span> <span class='ocrx_word' id='word_1_60' title='bbox 799 1358 876 1430; x_wconf 91' lang='lat' dir='ltr'><strong>sine</strong></span> <span class='ocrx_word' id='word_1_61' title='bbox 894 1381 1072 1457; x_wconf 87' lang='lat' dir='ltr'><strong>responso</strong></span> <span class='ocrx_word' id='word_1_62' title='bbox 1089 1356 1242 1427; x_wconf 89' lang='lat' dir='ltr'><strong>dimissis</strong></span> <span class='ocrx_word' id='word_1_63' title='bbox 1255 1353 1344 1451; x_wconf 85' lang='lat' dir='ltr'><strong>lega·</strong></span> 
     </span>
     <span class='ocr_line' id='line_1_10' title="bbox 278 1467 1343 1566; baseline -0.007 -24"><span class='ocrx_word' id='word_1_64' title='bbox 278 1471 346 1560; x_wconf 89' lang='lat' dir='ltr'><strong>tis,</strong></span> <span class='ocrx_word' id='word_1_65' title='bbox 368 1483 561 1542; x_wconf 77' lang='lat' dir='ltr'><strong>moverant</strong></span> <span class='ocrx_word' id='word_1_66' title='bbox 584 1467 743 1557; x_wconf 90' lang='lat' dir='ltr'><strong>hellnm;</strong></span> <span class='ocrx_word' id='word_1_67' title='bbox 768 1467 977 1566; x_wconf 87' lang='lat' dir='ltr'><strong>trepidique</strong></span> <span class='ocrx_word' id='word_1_68' title='bbox 1006 1478 1156 1540; x_wconf 83' lang='lat' dir='ltr'><strong>rerum²</strong></span> <span class='ocrx_word' id='word_1_69' title='bbox 1181 1489 1343 1548; x_wconf 86' lang='lat' dir='ltr'><strong>suarum,</strong></span> 
     </span>
     <span class='ocr_line' id='line_1_11' title="bbox 278 1577 1344 1679; baseline -0.006 -28"><span class='ocrx_word' id='word_1_70' title='bbox 278 1604 395 1679; x_wconf 92' lang='lat' dir='ltr'><strong>quum</strong></span> <span class='ocrx_word' id='word_1_71' title='bbox 411 1580 484 1676; x_wconf 87' lang='lat' dir='ltr'><strong>jam</strong></span> <span class='ocrx_word' id='word_1_72' title='bbox 504 1603 589 1676; x_wconf 85' lang='lat' dir='ltr'><strong>ager</strong></span> <span class='ocrx_word' id='word_1_73' title='bbox 609 1577 727 1650; x_wconf 78' lang='lat' dir='ltr'><strong>efhtso</strong></span> <span class='ocrx_word' id='word_1_74' title='bbox 745 1579 909 1654; x_wconf 85' lang='lat' dir='ltr'><strong>exercitu</strong></span> <span class='ocrx_word' id='word_1_75' title='bbox 929 1579 1063 1676; x_wconf 88' lang='lat' dir='ltr'><strong>passim</strong></span> <span class='ocrx_word' id='word_1_76' title='bbox 1081 1591 1271 1664; x_wconf 84' lang='lat' dir='ltr'><strong>ureretur,</strong></span> <span class='ocrx_word' id='word_1_77' title='bbox 1293 1600 1344 1646; x_wconf 87' lang='lat' dir='ltr'><strong>ca·</strong></span> 
     </span>
     <span class='ocr_line' id='line_1_12' title="bbox 277 1686 1344 1787; baseline -0.006 -26"><span class='ocrx_word' id='word_1_78' title='bbox 277 1703 428 1787; x_wconf 88' lang='lat' dir='ltr'><strong>straque</strong></span> <span class='ocrx_word' id='word_1_79' title='bbox 445 1713 563 1786; x_wconf 91' lang='lat' dir='ltr'><strong>prope</strong></span> <span class='ocrx_word' id='word_1_80' title='bbox 585 1687 716 1759; x_wconf 89' lang='lat' dir='ltr'><strong>urbem</strong></span> <span class='ocrx_word' id='word_1_81' title='bbox 738 1688 827 1787; x_wconf 91' lang='lat' dir='ltr'><strong>poni</strong></span> <span class='ocrx_word' id='word_1_82' title='bbox 848 1686 1033 1774; x_wconf 87' lang='lat' dir='ltr'><strong>viderent,</strong></span> <span class='ocrx_word' id='word_1_83' title='bbox 1054 1689 1192 1787; x_wconf 81' lang='lat' dir='ltr'><strong>legatos</strong></span> <span class='ocrx_word' id='word_1_84' title='bbox 1210 1686 1344 1760; x_wconf 86' lang='lat' dir='ltr'><strong>Chalci·</strong></span> 
     </span>
     <span class='ocr_line' id='line_1_13' title="bbox 279 1798 1344 1890; baseline -0.003 -20"><span class='ocrx_word' id='word_1_85' title='bbox 279 1799 363 1870; x_wconf 90' lang='lat' dir='ltr'><strong>dem</strong></span> <span class='ocrx_word' id='word_1_86' title='bbox 382 1798 427 1869; x_wconf 89' lang='lat' dir='ltr'><strong>ad</strong></span> <span class='ocrx_word' id='word_1_87' title='bbox 443 1803 482 1868; x_wconf 89' lang='lat' dir='ltr'><strong>T.</strong></span> <span class='ocrx_word' id='word_1_88' title='bbox 501 1798 715 1887; x_wconf 90' lang='lat' dir='ltr'><strong>Quintium,</strong></span> <span class='ocrx_word' id='word_1_89' title='bbox 736 1812 923 1870; x_wconf 84' lang='lat' dir='ltr'><strong>auctorem</strong></span> <span class='ocrx_word' id='word_1_90' title='bbox 942 1799 1137 1890; x_wconf 86' lang='lat' dir='ltr'><strong>libertatis,</strong></span> <span class='ocrx_word' id='word_1_91' title='bbox 1156 1801 1344 1881; x_wconf 90' lang='lat' dir='ltr'><strong>miserunt,</strong></span> 
     </span>
     <span class='ocr_line' id='line_1_14' title="bbox 279 1908 1345 2003; baseline -0.001 -27"><span class='ocrx_word' id='word_1_92' title='bbox 279 1908 345 2003; x_wconf 88' lang='lat' dir='ltr'><strong>qui</strong></span> <span class='ocrx_word' id='word_1_93' title='bbox 365 1908 595 1996; x_wconf 84' lang='lat' dir='ltr'><strong>nuntiarent,</strong></span> <span class='ocrx_word' id='word_1_94' title='bbox 613 1909 812 1980; x_wconf 89' lang='lat' dir='ltr'><strong>Messenios</strong></span> <span class='ocrx_word' id='word_1_95' title='bbox 828 1910 1017 1998; x_wconf 87' lang='lat' dir='ltr'><strong>Romanis,</strong></span> <span class='ocrx_word' id='word_1_96' title='bbox 1041 1935 1117 1981; x_wconf 92' lang='lat' dir='ltr'><strong>non</strong></span> <span class='ocrx_word' id='word_1_97' title='bbox 1139 1910 1294 1998; x_wconf 85' lang='lat' dir='ltr'><strong>Achaeis,</strong></span> <span class='ocrx_word' id='word_1_98' title='bbox 1313 1921 1345 1978; x_wconf 91' lang='lat' dir='ltr'><strong>et</strong></span> 
     </span>
     <span class='ocr_line' id='line_1_15' title="bbox 278 2005 1345 2119; baseline -0.001 -32"><span class='ocrx_word' id='word_1_99' title='bbox 278 2019 419 2115; x_wconf 86' lang='lat' dir='ltr'><strong>aperire</strong></span> <span class='ocrx_word' id='word_1_100' title='bbox 432 2005 577 2116; x_wconf 81' lang='lat' dir='ltr'><strong>portas,</strong></span> <span class='ocrx_word' id='word_1_101' title='bbox 592 2031 629 2089; x_wconf 91' lang='lat' dir='ltr'><strong>et</strong></span> <span class='ocrx_word' id='word_1_102' title='bbox 645 2017 779 2090; x_wconf 87' lang='lat' dir='ltr'><strong>dedere</strong></span> <span class='ocrx_word' id='word_1_103' title='bbox 797 2018 928 2091; x_wconf 89' lang='lat' dir='ltr'><strong>urbem</strong></span> <span class='ocrx_word' id='word_1_104' title='bbox 944 2034 1088 2119; x_wconf 88' lang='lat' dir='ltr'><strong>paratos</strong></span> <span class='ocrx_word' id='word_1_105' title='bbox 1102 2047 1190 2094; x_wconf 91' lang='lat' dir='ltr'><strong>esse.</strong></span> <span class='ocrx_word' id='word_1_106' title='bbox 1212 2017 1345 2091; x_wconf 90' lang='lat' dir='ltr'><strong>Auditis</strong></span> 
     </span>
     <span class='ocr_line' id='line_1_16' title="bbox 277 2127 1346 2231; baseline 0 -33"><span class='ocrx_word' id='word_1_107' title='bbox 277 2127 427 2226; x_wconf 85' lang='lat' dir='ltr'><strong>legatis,</strong></span> <span class='ocrx_word' id='word_1_108' title='bbox 448 2129 631 2227; x_wconf 87' lang='lat' dir='ltr'><strong>extemplo</strong></span> <span class='ocrx_word' id='word_1_109' title='bbox 649 2127 835 2227; x_wconf 87' lang='lat' dir='ltr'><strong>profectus</strong></span> <span class='ocrx_word' id='word_1_110' title='bbox 852 2132 1043 2221; x_wconf 86' lang='lat' dir='ltr'><strong>Quintius,</strong></span> <span class='ocrx_word' id='word_1_111' title='bbox 1069 2129 1112 2203; x_wconf 77' lang='lat' dir='ltr'><strong>a3</strong></span> <span class='ocrx_word' id='word_1_112' title='bbox 1135 2128 1346 2231; x_wconf 82' lang='lat' dir='ltr'><strong>Megalopoli</strong></span> 
     </span>
     <span class='ocr_line' id='line_1_17' title="bbox 279 2225 1346 2340; baseline -0.001 -29"><span class='ocrx_word' id='word_1_113' title='bbox 279 2237 325 2311; x_wconf 85' lang='lat' dir='ltr'><strong>ad</strong></span> <span class='ocrx_word' id='word_1_114' title='bbox 346 2225 586 2337; x_wconf 22' lang='lat' dir='ltr'><strong>Diophanem,</strong></span> <span class='ocrx_word' id='word_1_115' title='bbox 600 2253 792 2337; x_wconf 67' lang='lat' dir='ltr'><strong>praetorem</strong></span> <span class='ocrx_word' id='word_1_116' title='bbox 822 2240 1037 2313; x_wconf 71' lang='lat' dir='ltr'><strong>Achaeorum</strong></span> <span class='ocrx_word' id='word_1_117' title='bbox 1060 2243 1179 2331; x_wconf 87' lang='lat' dir='ltr'><strong>misit,</strong></span> <span class='ocrx_word' id='word_1_118' title='bbox 1208 2243 1272 2340; x_wconf 93' lang='lat' dir='ltr'><strong>qui</strong></span> <span class='ocrx_word' id='word_1_119' title='bbox 1293 2265 1346 2311; x_wconf 88' lang='lat' dir='ltr'><strong>ex·</strong></span> 
     </span>
     <span class='ocr_line' id='line_1_18' title="bbox 278 2348 1410 2447; baseline -0.002 -27"><span class='ocrx_word' id='word_1_120' title='bbox 278 2348 418 2447; x_wconf 88' lang='lat' dir='ltr'><strong>templo</strong></span> <span class='ocrx_word' id='word_1_121' title='bbox 435 2348 609 2420; x_wconf 91' lang='lat' dir='ltr'><strong>reducere</strong></span> <span class='ocrx_word' id='word_1_122' title='bbox 629 2374 712 2421; x_wconf 91' lang='lat' dir='ltr'><strong>enm</strong></span> <span class='ocrx_word' id='word_1_123' title='bbox 730 2375 751 2421; x_wconf 90' lang='lat' dir='ltr'><strong>a</strong></span> <span class='ocrx_word' id='word_1_124' title='bbox 769 2355 934 2430; x_wconf 87' lang='lat' dir='ltr'><strong>Messene</strong></span> <span class='ocrx_word' id='word_1_125' title='bbox 952 2355 1153 2429; x_wconf 83' lang='lat' dir='ltr'><strong>exercitum</strong></span> <span class='ocrx_word' id='word_1_126' title='bbox 1175 2369 1212 2436; x_wconf 78' lang='lat' dir='ltr'><strong>et</strong></span> <span class='ocrx_word' id='word_1_127' title='bbox 1229 2351 1345 2424; x_wconf 89' lang='lat' dir='ltr'><strong>venire</strong></span> <span class='ocrx_word' id='word_1_128' title='bbox 1409 2437 1410 2440; x_wconf 8' lang='grc' dir='ltr'><strong>Ἴ</strong></span> 
     </span>
    </p>
   </div>
   <div class='ocr_carea' id='block_1_2' title="bbox 278 2448 1346 2561">
    <p class='ocr_par' dir='ltr' id='par_1_3' title="bbox 278 2448 1346 2561">
     <span class='ocr_line' id='line_1_19' title="bbox 278 2448 1346 2561; baseline 0 -31"><span class='ocrx_word' id='word_1_129' title='bbox 278 2459 324 2530; x_wconf 86' lang='lat' dir='ltr'><strong>ad</strong></span> <span class='ocrx_word' id='word_1_130' title='bbox 338 2483 376 2530; x_wconf 91' lang='lat' dir='ltr'><strong>se</strong></span> <span class='ocrx_word' id='word_1_131' title='bbox 390 2457 546 2557; x_wconf 84' lang='lat' dir='ltr'><strong>juberet.</strong></span> <span class='ocrx_word' id='word_1_132' title='bbox 567 2459 675 2536; x_wconf 88' lang='lat' dir='ltr'><strong>Dicto</strong></span> <span class='ocrx_word' id='word_1_133' title='bbox 692 2461 813 2558; x_wconf 84' lang='lat' dir='ltr'><strong>paruit</strong></span> <span class='ocrx_word' id='word_1_134' title='bbox 829 2462 1061 2561; x_wconf 82' lang='lat' dir='ltr'><strong>Diophanes,</strong></span> <span class='ocrx_word' id='word_1_135' title='bbox 1081 2479 1138 2553; x_wconf 91' lang='lat' dir='ltr'><strong>et,</strong></span> <span class='ocrx_word' id='word_1_136' title='bbox 1159 2448 1276 2542; x_wconf 82' lang='lat' dir='ltr'><strong>soluta</strong></span> <span class='ocrx_word' id='word_1_137' title='bbox 1290 2459 1346 2532; x_wconf 92' lang='lat' dir='ltr'><strong>ob·</strong></span> 
     </span>
    </p>
   </div>
   <div class='ocr_carea' id='block_1_3' title="bbox 277 2633 1349 4291">
    <p class='ocr_par' dir='ltr' id='par_1_4' title="bbox 277 2633 1349 4291">
     <span class='ocr_line' id='line_1_20' title="bbox 280 2633 1348 2696; baseline 0 -14"><span class='ocrx_word' id='word_1_138' title='bbox 280 2647 306 2683; x_wconf 87' lang='lat' dir='ltr'><strong>tu</strong></span> <span class='ocrx_word' id='word_1_139' title='bbox 310 2653 321 2692; x_wconf 89' lang='lat'><strong>,·</strong></span> <span class='ocrx_word' id='word_1_140' title='bbox 338 2637 354 2682; x_wconf 90' lang='lat' dir='ltr'><strong>J</strong></span> <span class='ocrx_word' id='word_1_141' title='bbox 355 2649 391 2680; x_wconf 83' lang='lat' dir='ltr'><strong>sc.</strong></span> <span class='ocrx_word' id='word_1_142' title='bbox 403 2633 481 2680; x_wconf 71' lang='lat' dir='ltr'><strong>Perit.</strong></span> <span class='ocrx_word' id='word_1_143' title='bbox 497 2633 558 2678; x_wconf 85' lang='lat' dir='ltr'><strong>Tam</strong></span> <span class='ocrx_word' id='word_1_144' title='bbox 571 2634 636 2693; x_wconf 84' lang='lat' dir='ltr'><strong>conj.</strong></span> <span class='ocrx_word' id='word_1_145' title='bbox 656 2634 735 2681; x_wconf 90' lang='lat' dir='ltr'><strong>Gron.</strong></span> <span class='ocrx_word' id='word_1_146' title='bbox 750 2637 796 2681; x_wconf 89' lang='lat' dir='ltr'><strong>mi-</strong></span> <span class='ocrx_word' id='word_1_147' title='bbox 841 2638 939 2696; x_wconf 89' lang='lat' dir='ltr'>XXIV,</span> <span class='ocrx_word' id='word_1_148' title='bbox 958 2639 973 2685; x_wconf 84' lang='lat'><em>5</em></span> <span class='ocrx_word' id='word_1_149' title='bbox 987 2649 1011 2686; x_wconf 87' lang='lat' dir='ltr'><strong>et</strong></span> <span class='ocrx_word' id='word_1_150' title='bbox 1029 2655 1069 2692; x_wconf 75' lang='lat'><strong>12.</strong></span> <span class='ocrx_word' id='word_1_151' title='bbox 1080 2667 1116 2676; x_wconf 92' lang='lat'>—</span> <span class='ocrx_word' id='word_1_152' title='bbox 1125 2640 1224 2688; x_wconf 83' lang='lat' dir='ltr'><strong>Etenim</strong></span> <span class='ocrx_word' id='word_1_153' title='bbox 1235 2639 1290 2687; x_wconf 75' lang='lat' dir='ltr'><strong>due</strong></span> <span class='ocrx_word' id='word_1_154' title='bbox 1299 2635 1348 2684; x_wconf 78' lang='lat' dir='ltr'><strong>civi·</strong></span> 
     </span>
     <span class='ocr_line' id='line_1_21' title="bbox 279 2705 1349 2780; baseline 0.003 -19"><span class='ocrx_word' id='word_1_155' title='bbox 279 2729 328 2761; x_wconf 92' lang='lat' dir='ltr'><strong>nus</strong></span> <span class='ocrx_word' id='word_1_156' title='bbox 340 2723 410 2776; x_wconf 73' lang='lat' dir='ltr'><strong>epte,</strong></span> <span class='ocrx_word' id='word_1_157' title='bbox 423 2720 490 2758; x_wconf 90' lang='lat' dir='ltr'><strong>utet</strong></span> <span class='ocrx_word' id='word_1_158' title='bbox 502 2705 577 2758; x_wconf 78' lang='lat' dir='ltr'><strong>tectio</strong></span> <span class='ocrx_word' id='word_1_159' title='bbox 589 2709 646 2759; x_wconf 86' lang='lat' dir='ltr'><strong>edd.</strong></span> <span class='ocrx_word' id='word_1_160' title='bbox 658 2722 720 2760; x_wconf 80' lang='lat' dir='ltr'><strong>asstt.</strong></span> <span class='ocrx_word' id='word_1_161' title='bbox 735 2714 796 2760; x_wconf 85' lang='lat' dir='ltr'><strong>Tum</strong></span> <span class='ocrx_word' id='word_1_162' title='bbox 840 2725 914 2772; x_wconf 84' lang='lat' dir='ltr'><strong>tates,</strong></span> <span class='ocrx_word' id='word_1_163' title='bbox 928 2727 975 2764; x_wconf 90' lang='lat' dir='ltr'><strong>etc.</strong></span> <span class='ocrx_word' id='word_1_164' title='bbox 996 2718 1122 2765; x_wconf 79' lang='lat' dir='ltr'><strong>Orationis</strong></span> <span class='ocrx_word' id='word_1_165' title='bbox 1142 2735 1222 2766; x_wconf 86' lang='lat' dir='ltr'><strong>nexus</strong></span> <span class='ocrx_word' id='word_1_166' title='bbox 1239 2717 1349 2780; x_wconf 78' lang='lat' dir='ltr'><strong>quodam-</strong></span> 
     </span>
     <span class='ocr_line' id='line_1_22' title="bbox 281 2793 1349 2861; baseline 0 -21"><span class='ocrx_word' id='word_1_167' title='bbox 281 2808 339 2857; x_wconf 74' lang='lat' dir='ltr'><strong>ergo</strong></span> <span class='ocrx_word' id='word_1_168' title='bbox 353 2807 379 2838; x_wconf 82' lang='grc' dir='ltr'><strong>ν.</strong></span> <span class='ocrx_word' id='word_1_169' title='bbox 840 2793 915 2843; x_wconf 89' lang='lat' dir='ltr'><strong>modo</strong></span> <span class='ocrx_word' id='word_1_170' title='bbox 933 2796 1033 2856; x_wconf 75' lang='lat' dir='ltr'><strong>juvatur</strong></span> <span class='ocrx_word' id='word_1_171' title='bbox 1054 2796 1175 2857; x_wconf 89' lang='lat' dir='ltr'><strong>lecti0ne,</strong></span> <span class='ocrx_word' id='word_1_172' title='bbox 1198 2813 1253 2861; x_wconf 84' lang='lat' dir='ltr'><strong>quse</strong></span> <span class='ocrx_word' id='word_1_173' title='bbox 1271 2807 1306 2843; x_wconf 86' lang='lat' dir='ltr'><strong>est</strong></span> <span class='ocrx_word' id='word_1_174' title='bbox 1325 2796 1349 2840; x_wconf 83' lang='lat' dir='ltr'><strong>In</strong></span> 
     </span>
     <span class='ocr_line' id='line_1_23' title="bbox 316 2868 1349 2928; baseline 0.004 -13"><span class='ocrx_word' id='word_1_175' title='bbox 316 2870 490 2921; x_wconf 72' lang='lat' dir='ltr'>Cu.XXX1.</span> <span class='ocrx_word' id='word_1_176' title='bbox 504 2868 650 2916; x_wconf 77' lang='lat' dir='ltr'><strong>1.Et.dnae</strong></span> <span class='ocrx_word' id='word_1_177' title='bbox 668 2868 793 2928; x_wconf 75' lang='lat' dir='ltr'><strong>civitates,</strong></span> <span class='ocrx_word' id='word_1_178' title='bbox 839 2884 900 2922; x_wconf 82' lang='lat' dir='ltr'><strong>vett.</strong></span> <span class='ocrx_word' id='word_1_179' title='bbox 914 2874 973 2924; x_wconf 86' lang='lat' dir='ltr'><strong>edd.</strong></span> <span class='ocrx_word' id='word_1_180' title='bbox 992 2875 1079 2923; x_wconf 84' lang='lat' dir='ltr'><strong>etenim</strong></span> <span class='ocrx_word' id='word_1_181' title='bbox 1099 2877 1157 2925; x_wconf 74' lang='lat' dir='ltr'><strong>duce</strong></span> <span class='ocrx_word' id='word_1_182' title='bbox 1168 2877 1278 2925; x_wconf 76' lang='lat' dir='ltr'><strong>civitates</strong></span> <span class='ocrx_word' id='word_1_183' title='bbox 1291 2876 1349 2921; x_wconf 81' lang='lat' dir='ltr'><strong>Mes-</strong></span> 
     </span>
     <span class='ocr_line' id='line_1_24' title="bbox 282 2947 1349 3018; baseline -0.003 -18"><span class='ocrx_word' id='word_1_184' title='bbox 282 2954 390 3000; x_wconf 84' lang='lat' dir='ltr'><strong>Messene</strong></span> <span class='ocrx_word' id='word_1_185' title='bbox 400 2947 495 3005; x_wconf 82' lang='lat' dir='ltr'><strong>etlilis,</strong></span> <span class='ocrx_word' id='word_1_186' title='bbox 510 2959 583 2995; x_wconf 73' lang='lat' dir='ltr'><strong>extra</strong></span> <span class='ocrx_word' id='word_1_187' title='bbox 594 2949 724 2997; x_wconf 84' lang='lat' dir='ltr'><strong>concilium</strong></span> <span class='ocrx_word' id='word_1_188' title='bbox 733 2949 795 3014; x_wconf 89' lang='lat' dir='ltr'><strong>(cor-</strong></span> <span class='ocrx_word' id='word_1_189' title='bbox 839 2969 896 3001; x_wconf 86' lang='lat' dir='ltr'><strong>sene</strong></span> <span class='ocrx_word' id='word_1_190' title='bbox 917 2965 942 3001; x_wconf 87' lang='lat' dir='ltr'><strong>et</strong></span> <span class='ocrx_word' id='word_1_191' title='bbox 960 2954 1025 3012; x_wconf 84' lang='lat' dir='ltr'><strong>Elis,</strong></span> <span class='ocrx_word' id='word_1_192' title='bbox 1044 2971 1101 3018; x_wconf 78' lang='lat' dir='ltr'><strong>qum</strong></span> <span class='ocrx_word' id='word_1_193' title='bbox 1125 2967 1200 3004; x_wconf 75' lang='lat' dir='ltr'><strong>entra</strong></span> <span class='ocrx_word' id='word_1_194' title='bbox 1225 2953 1349 3003; x_wconf 82' lang='lat' dir='ltr'><strong>concilium</strong></span> 
     </span>
     <span class='ocr_line' id='line_1_25' title="bbox 279 3023 1348 3100; baseline 0 -22"><span class='ocrx_word' id='word_1_195' title='bbox 279 3049 339 3098; x_wconf 85' lang='lat' dir='ltr'><strong>pus,</strong></span> <span class='ocrx_word' id='word_1_196' title='bbox 356 3029 495 3078; x_wconf 80' lang='lat' dir='ltr'><strong>foederatrm</strong></span> <span class='ocrx_word' id='word_1_197' title='bbox 508 3028 643 3092; x_wconf 81' lang='lat' dir='ltr'><strong>rempubl,</strong></span> <span class='ocrx_word' id='word_1_198' title='bbox 662 3023 796 3100; x_wconf 79' lang='grc' dir='ltr'>σύστημα)</span> <span class='ocrx_word' id='word_1_199' title='bbox 840 3032 978 3081; x_wconf 78' lang='lat' dir='ltr'><strong>Achaicum</strong></span> <span class='ocrx_word' id='word_1_200' title='bbox 1005 3045 1092 3092; x_wconf 80' lang='lat' dir='ltr'><strong>erant,</strong></span> <span class='ocrx_word' id='word_1_201' title='bbox 1117 3051 1173 3083; x_wconf 86' lang='lat' dir='ltr'><strong>enm</strong></span> <span class='ocrx_word' id='word_1_202' title='bbox 1193 3035 1282 3084; x_wconf 77' lang='lat' dir='ltr'><strong>AEtolis</strong></span> <span class='ocrx_word' id='word_1_203' title='bbox 1299 3048 1348 3080; x_wconf 87' lang='lat' dir='ltr'><strong>sen·</strong></span> 
     </span>
     <span class='ocr_line' id='line_1_26' title="bbox 279 3108 1347 3178; baseline -0.002 -18"><span class='ocrx_word' id='word_1_204' title='bbox 279 3109 416 3160; x_wconf 75' lang='lat' dir='ltr'><strong>Achaicum</strong></span> <span class='ocrx_word' id='word_1_205' title='bbox 432 3118 518 3164; x_wconf 86' lang='lat' dir='ltr'><strong>erant,·</strong></span> <span class='ocrx_word' id='word_1_206' title='bbox 537 3123 592 3155; x_wconf 84' lang='lat' dir='ltr'><strong>cum</strong></span> <span class='ocrx_word' id='word_1_207' title='bbox 608 3108 795 3158; x_wconf 65' lang='lat' dir='ltr'><strong>AEtolrssentie·</strong></span> <span class='ocrx_word' id='word_1_208' title='bbox 841 3111 942 3160; x_wconf 84' lang='lat' dir='ltr'><strong>tiebant.</strong></span> <span class='ocrx_word' id='word_1_209' title='bbox 956 3111 990 3163; x_wconf 85' lang='grc' dir='ltr'><strong>Τὸ</strong></span> <span class='ocrx_word' id='word_1_210' title='bbox 1001 3130 1057 3177; x_wconf 82' lang='lat' dir='ltr'><strong>qnoe</strong></span> <span class='ocrx_word' id='word_1_211' title='bbox 1068 3115 1163 3178; x_wconf 87' lang='lat' dir='ltr'><strong>primus</strong></span> <span class='ocrx_word' id='word_1_212' title='bbox 1178 3116 1268 3164; x_wconf 88' lang='lat' dir='ltr'><strong>delevit</strong></span> <span class='ocrx_word' id='word_1_213' title='bbox 1280 3113 1347 3160; x_wconf 85' lang='lat' dir='ltr'><strong>Frub.</strong></span> 
     </span>
     <span class='ocr_line' id='line_1_27' title="bbox 280 3191 1349 3256; baseline -0.003 -17"><span class='ocrx_word' id='word_1_214' title='bbox 280 3193 355 3250; x_wconf 79' lang='lat' dir='ltr'><strong>tanc,-</strong></span> <span class='ocrx_word' id='word_1_215' title='bbox 373 3191 439 3238; x_wconf 84' lang='lat' dir='ltr'><strong>coni.</strong></span> <span class='ocrx_word' id='word_1_216' title='bbox 451 3191 582 3250; x_wconf 85' lang='lat' dir='ltr'>XXXIX,</span> <span class='ocrx_word' id='word_1_217' title='bbox 599 3191 631 3246; x_wconf 77' lang='lat'><strong>48</strong></span> <span class='ocrx_word' id='word_1_218' title='bbox 649 3206 701 3253; x_wconf 90' lang='lat' dir='ltr'><strong>seq.</strong></span> <span class='ocrx_word' id='word_1_219' title='bbox 713 3202 738 3238; x_wconf 85' lang='lat' dir='ltr'><strong>et</strong></span> <span class='ocrx_word' id='word_1_220' title='bbox 747 3193 795 3238; x_wconf 88' lang='lat' dir='ltr'><strong>Po·</strong></span> <span class='ocrx_word' id='word_1_221' title='bbox 840 3207 905 3238; x_wconf 82' lang='lat' dir='ltr'><strong>anno</strong></span> <span class='ocrx_word' id='word_1_222' title='bbox 929 3191 1009 3251; x_wconf 79' lang='lat'><strong>1535,</strong></span> <span class='ocrx_word' id='word_1_223' title='bbox 1031 3193 1099 3256; x_wconf 88' lang='lat' dir='ltr'><strong>qnod</strong></span> <span class='ocrx_word' id='word_1_224' title='bbox 1125 3195 1153 3240; x_wconf 91' lang='lat' dir='ltr'><strong>in</strong></span> <span class='ocrx_word' id='word_1_225' title='bbox 1174 3195 1246 3242; x_wconf 91' lang='lat' dir='ltr'><strong>nullo</strong></span> <span class='ocrx_word' id='word_1_226' title='bbox 1268 3191 1349 3241; x_wconf 87' lang='lat' dir='ltr'><strong>codice</strong></span> 
     </span>
     <span class='ocr_line' id='line_1_28' title="bbox 281 3267 1248 3338; baseline 0.002 -20"><span class='ocrx_word' id='word_1_227' title='bbox 281 3273 334 3336; x_wconf 82' lang='lat' dir='ltr'><strong>lyb.</strong></span> <span class='ocrx_word' id='word_1_228' title='bbox 346 3271 423 3330; x_wconf 87' lang='lat' dir='ltr'>XVI,</span> <span class='ocrx_word' id='word_1_229' title='bbox 446 3270 491 3328; x_wconf 82' lang='lat'><strong>13,</strong></span> <span class='ocrx_word' id='word_1_230' title='bbox 512 3267 528 3333; x_wconf 75' lang='lat' dir='ltr'><strong>s</strong></span> <span class='ocrx_word' id='word_1_231' title='bbox 548 3271 561 3316; x_wconf 80' lang='grc'>3</span> <span class='ocrx_word' id='word_1_232' title='bbox 569 3303 577 3329; x_wconf 89' lang='grc'><strong>,</strong></span> <span class='ocrx_word' id='word_1_233' title='bbox 594 3268 638 3316; x_wconf 92' lang='lat' dir='ltr'><strong>ubi</strong></span> <span class='ocrx_word' id='word_1_234' title='bbox 649 3269 729 3316; x_wconf 82' lang='lat' dir='ltr'><strong>Vales.</strong></span> <span class='ocrx_word' id='word_1_235' title='bbox 743 3285 794 3316; x_wconf 91' lang='lat' dir='ltr'><strong>mo-</strong></span> <span class='ocrx_word' id='word_1_236' title='bbox 839 3285 978 3335; x_wconf 81' lang='lat' dir='ltr'><strong>comparere</strong></span> <span class='ocrx_word' id='word_1_237' title='bbox 988 3271 1064 3338; x_wconf 74' lang='lat' dir='ltr'><strong>Drek.</strong></span> <span class='ocrx_word' id='word_1_238' title='bbox 1075 3283 1186 3322; x_wconf 84' lang='lat' dir='ltr'><strong>testatur.</strong></span> <span class='ocrx_word' id='word_1_239' title='bbox 1202 3275 1248 3320; x_wconf 88' lang='lat' dir='ltr'><strong>En.</strong></span> 
     </span>
     <span class='ocr_line' id='line_1_29' title="bbox 280 3344 1349 3416; baseline -0.005 -16"><span class='ocrx_word' id='word_1_240' title='bbox 280 3363 338 3412; x_wconf 84' lang='lat' dir='ltr'><strong>nst,</strong></span> <span class='ocrx_word' id='word_1_241' title='bbox 357 3365 457 3408; x_wconf 67' lang='lat' dir='ltr'><strong>censes,</strong></span> <span class='ocrx_word' id='word_1_242' title='bbox 472 3365 516 3396; x_wconf 88' lang='lat' dir='ltr'><strong>cur</strong></span> <span class='ocrx_word' id='word_1_243' title='bbox 526 3350 644 3398; x_wconf 88' lang='lat' dir='ltr'><strong>Messenii</strong></span> <span class='ocrx_word' id='word_1_244' title='bbox 654 3348 686 3396; x_wconf 81' lang='lat' dir='ltr'><strong>ab</strong></span> <span class='ocrx_word' id='word_1_245' title='bbox 695 3344 793 3396; x_wconf 78' lang='lat' dir='ltr'><strong>A&#39;chaeis</strong></span> <span class='ocrx_word' id='word_1_246' title='bbox 876 3368 899 3399; x_wconf 78' lang='lat' dir='ltr'><strong>a.</strong></span> <span class='ocrx_word' id='word_1_247' title='bbox 922 3353 945 3398; x_wconf 89' lang='lat' dir='ltr'><em>T</em></span> <span class='ocrx_word' id='word_1_248' title='bbox 940 3351 1067 3416; x_wconf 70' lang='lat' dir='ltr'><strong>tepidique</strong></span> <span class='ocrx_word' id='word_1_249' title='bbox 1075 3368 1155 3400; x_wconf 83' lang='lat' dir='ltr'><strong>rernm</strong></span> <span class='ocrx_word' id='word_1_250' title='bbox 1164 3369 1283 3408; x_wconf 75' lang='lat' dir='ltr'><strong>suarm,-</strong></span> <span class='ocrx_word' id='word_1_251' title='bbox 1295 3349 1349 3396; x_wconf 79' lang='lat' dir='ltr'><strong>vide</strong></span> 
     </span>
     <span class='ocr_line' id='line_1_30' title="bbox 281 3429 1046 3490; baseline 0.001 -11"><span class='ocrx_word' id='word_1_252' title='bbox 281 3429 446 3489; x_wconf 85' lang='lat' dir='ltr'><strong>desciverint,</strong></span> <span class='ocrx_word' id='word_1_253' title='bbox 464 3429 553 3486; x_wconf 81' lang='lat' dir='ltr'><strong>referre</strong></span> <span class='ocrx_word' id='word_1_254' title='bbox 567 3431 669 3478; x_wconf 83' lang='lat' dir='ltr'><strong>Pausan.</strong></span> <span class='ocrx_word' id='word_1_255' title='bbox 685 3429 732 3487; x_wconf 88' lang='lat' dir='ltr'>IV,</span> <span class='ocrx_word' id='word_1_256' title='bbox 746 3443 794 3490; x_wconf 73' lang='lat'><strong>²93</strong></span> <span class='ocrx_word' id='word_1_257' title='bbox 838 3429 870 3478; x_wconf 82' lang='lat' dir='ltr'><strong>sd</strong></span> <span class='ocrx_word' id='word_1_258' title='bbox 878 3431 911 3488; x_wconf 88' lang='lat' dir='ltr'><strong>V,</strong></span> <span class='ocrx_word' id='word_1_259' title='bbox 928 3447 969 3490; x_wconf 77' lang='lat' dir='ltr'><strong>rr,</strong></span> <span class='ocrx_word' id='word_1_260' title='bbox 984 3447 1009 3478; x_wconf 90' lang='lat' dir='ltr'><strong>u.</strong></span> <span class='ocrx_word' id='word_1_261' title='bbox 1021 3431 1046 3480; x_wconf 83' lang='lat'><strong>3.</strong></span> 
     </span>
     <span class='ocr_line' id='line_1_31' title="bbox 280 3507 1349 3575; baseline -0.004 -17"><span class='ocrx_word' id='word_1_262' title='bbox 280 3512 344 3558; x_wconf 89' lang='lat' dir='ltr'><strong>inter</strong></span> <span class='ocrx_word' id='word_1_263' title='bbox 356 3507 452 3556; x_wconf 83' lang='lat' dir='ltr'><strong>AEtolos</strong></span> <span class='ocrx_word' id='word_1_264' title='bbox 463 3524 523 3557; x_wconf 82' lang='lat' dir='ltr'><strong>vero</strong></span> <span class='ocrx_word' id='word_1_265' title='bbox 537 3516 562 3556; x_wconf 89' lang='lat' dir='ltr'><strong>et</strong></span> <span class='ocrx_word' id='word_1_266' title='bbox 576 3510 648 3557; x_wconf 88' lang='lat' dir='ltr'><strong>Eleos</strong></span> <span class='ocrx_word' id='word_1_267' title='bbox 667 3508 793 3570; x_wconf 75' lang='lat' dir='ltr'><strong>cognatio·</strong></span> <span class='ocrx_word' id='word_1_268' title='bbox 874 3511 899 3556; x_wconf 79' lang='lat'><strong>3.</strong></span> <span class='ocrx_word' id='word_1_269' title='bbox 918 3510 1017 3558; x_wconf 84' lang='lat' dir='ltr'><strong>Auditis</strong></span> <span class='ocrx_word' id='word_1_270' title='bbox 1037 3511 1126 3575; x_wconf 75' lang='lat' dir='ltr'><strong>legatis·</strong></span> <span class='ocrx_word' id='word_1_271' title='bbox 1134 3546 1141 3568; x_wconf 91' lang='lat'><strong>,</strong></span> <span class='ocrx_word' id='word_1_272' title='bbox 1156 3512 1282 3575; x_wconf 35' lang='lat' dir='ltr'><strong>,extemplo</strong></span> <span class='ocrx_word' id='word_1_273' title='bbox 1291 3524 1349 3573; x_wconf 85' lang='lat' dir='ltr'><strong>pro-</strong></span> 
     </span>
     <span class='ocr_line' id='line_1_32' title="bbox 279 3586 1348 3654; baseline -0.004 -16"><span class='ocrx_word' id='word_1_274' title='bbox 279 3607 336 3638; x_wconf 88' lang='lat' dir='ltr'><strong>nem</strong></span> <span class='ocrx_word' id='word_1_275' title='bbox 347 3587 525 3636; x_wconf 84' lang='lat' dir='ltr'><strong>intercessisse:</strong></span> <span class='ocrx_word' id='word_1_276' title='bbox 545 3589 654 3653; x_wconf 78' lang='lat' dir='ltr'><strong>Oxylum</strong></span> <span class='ocrx_word' id='word_1_277' title='bbox 668 3589 747 3644; x_wconf 85' lang='lat' dir='ltr'><strong>enim,</strong></span> <span class='ocrx_word' id='word_1_278' title='bbox 762 3603 794 3634; x_wconf 83' lang='lat' dir='ltr'><strong>ex</strong></span> <span class='ocrx_word' id='word_1_279' title='bbox 831 3586 915 3653; x_wconf 85' lang='lat' dir='ltr'><strong>sectus</strong></span> <span class='ocrx_word' id='word_1_280' title='bbox 926 3589 1039 3652; x_wconf 80' lang='lat' dir='ltr'><strong>Quintius</strong></span> <span class='ocrx_word' id='word_1_281' title='bbox 1055 3590 1185 3648; x_wconf 81' lang='lat' dir='ltr'><strong>Chalcide,</strong></span> <span class='ocrx_word' id='word_1_282' title='bbox 1208 3607 1225 3637; x_wconf 89' lang='lat' dir='ltr'><em>a</em></span> <span class='ocrx_word' id='word_1_283' title='bbox 1242 3589 1348 3654; x_wconf 71' lang='lat' dir='ltr'><strong>Megalo·</strong></span> 
     </span>
     <span class='ocr_line' id='line_1_33' title="bbox 278 3666 1347 3735; baseline -0.004 -18"><span class='ocrx_word' id='word_1_284' title='bbox 278 3670 383 3735; x_wconf 85' lang='lat' dir='ltr'><strong>posteris</strong></span> <span class='ocrx_word' id='word_1_285' title='bbox 403 3667 489 3727; x_wconf 80' lang='lat' dir='ltr'><strong>AEtoli,</strong></span> <span class='ocrx_word' id='word_1_286' title='bbox 513 3667 620 3716; x_wconf 84' lang='lat' dir='ltr'><strong>auctoris</strong></span> <span class='ocrx_word' id='word_1_287' title='bbox 638 3667 793 3724; x_wconf 81' lang='lat' dir='ltr'><strong>AEtolorum,</strong></span> <span class='ocrx_word' id='word_1_288' title='bbox 834 3666 904 3730; x_wconf 84' lang='lat' dir='ltr'><strong>poli,</strong></span> <span class='ocrx_word' id='word_1_289' title='bbox 919 3684 995 3732; x_wconf 89' lang='lat' dir='ltr'><strong>quum</strong></span> <span class='ocrx_word' id='word_1_290' title='bbox 1005 3685 1035 3716; x_wconf 88' lang='lat' dir='ltr'><strong>eo</strong></span> <span class='ocrx_word' id='word_1_291' title='bbox 1046 3668 1347 3733; x_wconf 83' lang='lat' dir='ltr'><strong>pervenissetexitinere,</strong></span> 
     </span>
     <span class='ocr_line' id='line_1_34' title="bbox 278 3733 1348 3812; baseline -0.004 -16"><span class='ocrx_word' id='word_1_292' title='bbox 278 3747 420 3796; x_wconf 79' lang='lat' dir='ltr'><strong>Heraclides</strong></span> <span class='ocrx_word' id='word_1_293' title='bbox 429 3747 457 3792; x_wconf 92' lang='lat' dir='ltr'><strong>in</strong></span> <span class='ocrx_word' id='word_1_294' title='bbox 468 3745 611 3810; x_wconf 72' lang='lat' dir='ltr'><strong>occupanda</strong></span> <span class='ocrx_word' id='word_1_295' title='bbox 621 3733 794 3809; x_wconf 78' lang='lat' dir='ltr'><strong>Peloponneso</strong></span> <span class='ocrx_word' id='word_1_296' title='bbox 838 3747 865 3793; x_wconf 81' lang='lat' dir='ltr'><strong>In</strong></span> <span class='ocrx_word' id='word_1_297' title='bbox 877 3759 955 3795; x_wconf 79' lang='lat' dir='ltr'><strong>castre</strong></span> <span class='ocrx_word' id='word_1_298' title='bbox 964 3764 1043 3812; x_wconf 86' lang='lat' dir='ltr'><strong>prope</strong></span> <span class='ocrx_word' id='word_1_299' title='bbox 1054 3751 1186 3798; x_wconf 85' lang='lat' dir='ltr'><strong>Messenen</strong></span> <span class='ocrx_word' id='word_1_300' title='bbox 1197 3748 1235 3796; x_wconf 86' lang='lat' dir='ltr'><strong>ad</strong></span> <span class='ocrx_word' id='word_1_301' title='bbox 1245 3745 1348 3810; x_wconf 81' lang='lat' dir='ltr'><strong>Diopha·</strong></span> 
     </span>
     <span class='ocr_line' id='line_1_35' title="bbox 278 3823 1347 3891; baseline -0.007 -15"><span class='ocrx_word' id='word_1_302' title='bbox 278 3827 414 3888; x_wconf 82' lang='lat' dir='ltr'><strong>adjuvisse,</strong></span> <span class='ocrx_word' id='word_1_303' title='bbox 430 3837 454 3873; x_wconf 90' lang='lat' dir='ltr'><strong>et</strong></span> <span class='ocrx_word' id='word_1_304' title='bbox 466 3825 538 3873; x_wconf 84' lang='lat' dir='ltr'><strong>ubils</strong></span> <span class='ocrx_word' id='word_1_305' title='bbox 551 3825 673 3890; x_wconf 79' lang='lat' dir='ltr'><strong>accepisse</strong></span> <span class='ocrx_word' id='word_1_306' title='bbox 690 3824 792 3875; x_wconf 84' lang='lat' dir='ltr'><strong>Elidem.</strong></span> <span class='ocrx_word' id='word_1_307' title='bbox 838 3841 906 3882; x_wconf 84' lang='lat' dir='ltr'><strong>nem,</strong></span> <span class='ocrx_word' id='word_1_308' title='bbox 920 3837 968 3876; x_wconf 88' lang='lat' dir='ltr'><strong>etc.</strong></span> <span class='ocrx_word' id='word_1_309' title='bbox 986 3830 1064 3876; x_wconf 87' lang='lat' dir='ltr'><strong>Gron.</strong></span> <span class='ocrx_word' id='word_1_310' title='bbox 1082 3831 1121 3876; x_wconf 91' lang='lat' dir='ltr'><strong>De</strong></span> <span class='ocrx_word' id='word_1_311' title='bbox 1138 3826 1270 3891; x_wconf 79' lang='lat' dir='ltr'><strong>Diophane</strong></span> <span class='ocrx_word' id='word_1_312' title='bbox 1285 3823 1347 3872; x_wconf 85' lang='lat' dir='ltr'><strong>conl.</strong></span> 
     </span>
     <span class='ocr_line' id='line_1_36' title="bbox 279 3905 1347 3968; baseline -0.005 -13"><span class='ocrx_word' id='word_1_313' title='bbox 279 3908 379 3962; x_wconf 79' lang='lat' dir='ltr'><strong>Confer.</strong></span> <span class='ocrx_word' id='word_1_314' title='bbox 393 3907 495 3955; x_wconf 81' lang='lat' dir='ltr'><strong>Psusan.</strong></span> <span class='ocrx_word' id='word_1_315' title='bbox 504 3907 581 3966; x_wconf 87' lang='lat' dir='ltr'>VIII,</span> <span class='ocrx_word' id='word_1_316' title='bbox 603 3913 651 3967; x_wconf 66' lang='lat'><strong>49,</strong></span> <span class='ocrx_word' id='word_1_317' title='bbox 672 3916 697 3952; x_wconf 90' lang='lat' dir='ltr'><strong>et</strong></span> <span class='ocrx_word' id='word_1_318' title='bbox 712 3905 791 3954; x_wconf 84' lang='lat' dir='ltr'><strong>Streb.</strong></span> <span class='ocrx_word' id='word_1_319' title='bbox 838 3907 979 3964; x_wconf 79' lang='lat' dir='ltr'><strong>XXXVII,</strong></span> <span class='ocrx_word' id='word_1_320' title='bbox 998 3923 1050 3968; x_wconf 81' lang='lat' dir='ltr'><strong>no,</strong></span> <span class='ocrx_word' id='word_1_321' title='bbox 1069 3923 1116 3967; x_wconf 80' lang='lat' dir='ltr'><strong>nr,</strong></span> <span class='ocrx_word' id='word_1_322' title='bbox 1130 3907 1287 3964; x_wconf 86' lang='lat' dir='ltr'>XXXVIII,</span> <span class='ocrx_word' id='word_1_323' title='bbox 1299 3905 1347 3960; x_wconf 74' lang='lat'><strong>323</strong></span> 
     </span>
     <span class='ocr_line' id='line_1_37' title="bbox 278 3984 1346 4051; baseline -0.004 -18"><span class='ocrx_word' id='word_1_324' title='bbox 278 3987 354 4043; x_wconf 90' lang='lat' dir='ltr'>VIll,</span> <span class='ocrx_word' id='word_1_325' title='bbox 373 4003 398 4049; x_wconf 91' lang='lat' dir='ltr'><strong>p.</strong></span> <span class='ocrx_word' id='word_1_326' title='bbox 413 3985 476 4043; x_wconf 78' lang='lat'><strong>354,</strong></span> <span class='ocrx_word' id='word_1_327' title='bbox 492 3985 540 4044; x_wconf 81' lang='lat'><strong>357</strong></span> <span class='ocrx_word' id='word_1_328' title='bbox 552 3984 597 4043; x_wconf 72' lang='lat' dir='ltr'><strong>,de</strong></span> <span class='ocrx_word' id='word_1_329' title='bbox 610 3984 738 4036; x_wconf 84' lang='lat' dir='ltr'><strong>Messeniis</strong></span> <span class='ocrx_word' id='word_1_330' title='bbox 751 4001 793 4032; x_wconf 85' lang='lat' dir='ltr'><strong>au·</strong></span> <span class='ocrx_word' id='word_1_331' title='bbox 837 3985 903 4050; x_wconf 88' lang='lat' dir='ltr'><strong>inpr.</strong></span> <span class='ocrx_word' id='word_1_332' title='bbox 913 3985 1001 4051; x_wconf 84' lang='lat' dir='ltr'><strong>Polyb.</strong></span> <span class='ocrx_word' id='word_1_333' title='bbox 1013 3989 1095 4045; x_wconf 89' lang='lat' dir='ltr'>XXI,</span> <span class='ocrx_word' id='word_1_334' title='bbox 1109 4003 1133 4046; x_wconf 82' lang='lat'><strong>7,</strong></span> <span class='ocrx_word' id='word_1_335' title='bbox 1150 3986 1293 4042; x_wconf 80' lang='lat' dir='ltr'><strong>xxr11‚s,</strong></span> <span class='ocrx_word' id='word_1_336' title='bbox 1306 3999 1346 4038; x_wconf 88' lang='lat'><strong>10,</strong></span> 
     </span>
     <span class='ocr_line' id='line_1_38' title="bbox 279 4064 1345 4138; baseline -0.008 -24"><span class='ocrx_word' id='word_1_337' title='bbox 279 4077 329 4114; x_wconf 86' lang='lat' dir='ltr'><strong>tem</strong></span> <span class='ocrx_word' id='word_1_338' title='bbox 341 4076 367 4113; x_wconf 86' lang='lat' dir='ltr'><strong>et</strong></span> <span class='ocrx_word' id='word_1_339' title='bbox 378 4065 527 4122; x_wconf 83' lang='lat' dir='ltr'><strong>Dinocrate,</strong></span> <span class='ocrx_word' id='word_1_340' title='bbox 538 4064 581 4127; x_wconf 89' lang='lat' dir='ltr'><strong>qui</strong></span> <span class='ocrx_word' id='word_1_341' title='bbox 592 4081 635 4112; x_wconf 92' lang='lat' dir='ltr'><strong>cos</strong></span> <span class='ocrx_word' id='word_1_342' title='bbox 648 4065 679 4112; x_wconf 85' lang='lat' dir='ltr'><strong>nh</strong></span> <span class='ocrx_word' id='word_1_343' title='bbox 688 4064 793 4112; x_wconf 78' lang='lat' dir='ltr'><strong>Achaeo·</strong></span> <span class='ocrx_word' id='word_1_344' title='bbox 837 4065 922 4124; x_wconf 88' lang='lat' dir='ltr'>XXV,</span> <span class='ocrx_word' id='word_1_345' title='bbox 940 4081 971 4124; x_wconf 75' lang='lat' dir='ltr'><strong>r,</strong></span> <span class='ocrx_word' id='word_1_346' title='bbox 992 4067 1098 4138; x_wconf 80' lang='lat' dir='ltr'>XXIX,</span> <span class='ocrx_word' id='word_1_347' title='bbox 1119 4067 1149 4125; x_wconf 82' lang='lat'><strong>83</strong></span> <span class='ocrx_word' id='word_1_348' title='bbox 1172 4065 1281 4130; x_wconf 76' lang='lat' dir='ltr'><strong>Appisn.</strong></span> <span class='ocrx_word' id='word_1_349' title='bbox 1294 4065 1345 4124; x_wconf 79' lang='lat' dir='ltr'><strong>Syr.</strong></span> 
     </span>
     <span class='ocr_line' id='line_1_39' title="bbox 277 4140 1349 4209; baseline -0.002 -18"><span class='ocrx_word' id='word_1_350' title='bbox 277 4159 331 4191; x_wconf 86' lang='lat' dir='ltr'><strong>rum</strong></span> <span class='ocrx_word' id='word_1_351' title='bbox 341 4143 457 4192; x_wconf 80' lang='lat' dir='ltr'><strong>socIetate</strong></span> <span class='ocrx_word' id='word_1_352' title='bbox 466 4143 600 4202; x_wconf 83' lang='lat' dir='ltr'><strong>abstraxit,</strong></span> <span class='ocrx_word' id='word_1_353' title='bbox 610 4145 655 4192; x_wconf 88' lang='lat' dir='ltr'><strong>ins.</strong></span> <span class='ocrx_word' id='word_1_354' title='bbox 667 4145 793 4203; x_wconf 85' lang='lat' dir='ltr'>XXXIX,</span> <span class='ocrx_word' id='word_1_355' title='bbox 838 4146 872 4192; x_wconf 72' lang='grc' dir='ltr'><strong>αθ</strong></span> <span class='ocrx_word' id='word_1_356' title='bbox 880 4161 888 4204; x_wconf 85' lang='grc'><strong>;</strong></span> <span class='ocrx_word' id='word_1_357' title='bbox 897 4144 964 4194; x_wconf 77' lang='lat' dir='ltr'><strong>¹I’lut.</strong></span> <span class='ocrx_word' id='word_1_358' title='bbox 976 4145 1002 4192; x_wconf 87' lang='lat' dir='ltr'><strong>iu</strong></span> <span class='ocrx_word' id='word_1_359' title='bbox 1012 4145 1109 4209; x_wconf 86' lang='lat' dir='ltr'><strong>Philop.</strong></span> <span class='ocrx_word' id='word_1_360' title='bbox 1119 4162 1146 4209; x_wconf 94' lang='lat' dir='ltr'><strong>p.</strong></span> <span class='ocrx_word' id='word_1_361' title='bbox 1158 4145 1222 4202; x_wconf 76' lang='lat' dir='ltr'><strong>stt,</strong></span> <span class='ocrx_word' id='word_1_362' title='bbox 1236 4143 1264 4190; x_wconf 91' lang='lat' dir='ltr'><strong>in</strong></span> <span class='ocrx_word' id='word_1_363' title='bbox 1272 4140 1349 4203; x_wconf 87' lang='lat' dir='ltr'><strong>Quin·</strong></span> 
     </span>
     <span class='ocr_line' id='line_1_40' title="bbox 279 4218 1346 4291; baseline -0.004 -19"><span class='ocrx_word' id='word_1_364' title='bbox 279 4224 326 4285; x_wconf 78' lang='lat'><strong>48,</strong></span> <span class='ocrx_word' id='word_1_365' title='bbox 337 4230 382 4287; x_wconf 73' lang='lat' dir='ltr'><strong>tp,</strong></span> <span class='ocrx_word' id='word_1_366' title='bbox 402 4221 466 4271; x_wconf 85' lang='lat' dir='ltr'><strong>Plut.</strong></span> <span class='ocrx_word' id='word_1_367' title='bbox 477 4221 575 4289; x_wconf 85' lang='lat' dir='ltr'><strong>Philop.</strong></span> <span class='ocrx_word' id='word_1_368' title='bbox 585 4241 612 4290; x_wconf 91' lang='lat' dir='ltr'><strong>p.</strong></span> <span class='ocrx_word' id='word_1_369' title='bbox 626 4223 792 4290; x_wconf 68' lang='lat'><strong>36631201511.</strong></span> <span class='ocrx_word' id='word_1_370' title='bbox 838 4223 889 4284; x_wconf 84' lang='lat' dir='ltr'><strong>tio,</strong></span> <span class='ocrx_word' id='word_1_371' title='bbox 897 4241 923 4291; x_wconf 93' lang='lat' dir='ltr'><strong>p.</strong></span> <span class='ocrx_word' id='word_1_372' title='bbox 936 4225 996 4284; x_wconf 81' lang='lat'><strong>378.</strong></span> <span class='ocrx_word' id='word_1_373' title='bbox 1011 4253 1043 4265; x_wconf 88' lang='lat'><strong>—·</strong></span> <span class='ocrx_word' id='word_1_374' title='bbox 1054 4223 1185 4282; x_wconf 79' lang='lat' dir='ltr'><strong>Reducem,</strong></span> <span class='ocrx_word' id='word_1_375' title='bbox 1200 4223 1265 4271; x_wconf 82' lang='lat' dir='ltr'><strong>forte</strong></span> <span class='ocrx_word' id='word_1_376' title='bbox 1273 4218 1346 4269; x_wconf 81' lang='lat' dir='ltr'><strong>dedu·</strong></span> 
     </span>
    </p>
   </div>
   <div class='ocr_carea' id='block_1_4' title="bbox 0 0 1432 4958">
    <p class='ocr_par' dir='ltr' id='par_1_5' title="bbox 0 0 1432 4958">
     <span class='ocr_line' id='line_1_41' title="bbox 0 0 1432 4958; baseline 0 0"><span class='ocrx_word' id='word_1_377' title='bbox 0 0 1432 4958; x_wconf 95' lang='lat' dir='ltr'><strong> </strong></span> 
     </span>
    </p>
   </div>
  </div>
 </body>
</html>
