2848 4958
118 410 242 536 aptet:
310 433 461 503 LIBER
492 435 669 506 xxxvi
695 439 800 508 car.
826 441 951 512 xvu.
1108 447 1155 520 33

89 573 207 623 «nere
224 551 411 648 aliquanto
423 553 564 624 melior.
577 559 722 654 Quippe
735 557 808 629 illic
821 559 1035 635 Macedones
1046 565 1154 642 Thra-

88 690 104 724 «
117 685 252 758 cesque
276 675 313 731 et
337 661 448 758 Illyrii
474 680 594 753 erant,
620 663 845 738 ferocissimae
866 683 1155 771 omnes1'gentes3

3 827 4 840 t
88 799 104 834 ιι
118 769 179 840 hic
198 771 278 866 Syri
292 785 328 842 et
349 773 489 844 Asiatici
505 776 619 845 Graeci
636 791 741 864 sunt,
758 777 933 849 levissima
948 805 1080 878 genera
1095 785 1156 858 ho

86 882 260 949 «minum
286 897 323 951 et
348 883 510 952 servituti
534 899 629 955 nata.
657 890 734 956 Rex
761 887 819 957 ille
844 885 1154 986 bellicosissimus,

85 991 334 1062 «exercitatus
356 991 429 1086 jam
451 992 536 1064 iude
562 992 607 1063 ab
626 995 775 1089 juventa
795 993 957 1068 finitimis
975 1000 1156 1076 Thracum

84 1129 101 1163 a
116 1115 230 1197 atque
247 1099 451 1196 Illyriorum
471 1116 507 1172 et
526 1104 620 1175 circa
636 1107 800 1176 omnium
816 1106 1018 1178 accolarum
1033 1110 1155 1203 bellis;

85 1241 99 1274 «
114 1209 197 1297 hic,
223 1225 264 1280 ut
287 1211 392 1281 aliam
420 1235 566 1282 omnem
592 1215 702 1285 vitam
725 1216 910 1304 omittam,
928 1218 958 1288 is
976 1235 1048 1309 est,
1069 1226 1153 1320 qui,

3 1317 4 1320 ’
85 1347 101 1382 α
115 1343 233 1416 quum
260 1317 306 1388 ad
330 1318 561 1392 inferendum
588 1325 728 1420 populo
756 1347 909 1396 romano
942 1326 1079 1400 bellum
1109 1360 1155 1406 ex

85 1459 99 1492 a
114 1431 198 1500 Asia
213 1431 251 1499 in
265 1436 447 1528 Europam
462 1433 666 1521 transisset,
683 1423 774 1504 nibil
788 1437 1060 1512 memorabilius
1074 1456 1153 1516 toto

84 1555 282 1638 atempore
306 1539 546 1612 hibernorum
569 1545 738 1641 gesserit,
766 1569 877 1642 quam
898 1548 1001 1644 quod
1023 1557 1155 1626 amoris

3 1715 4 1734 ,
83 1677 100 1712 «
113 1649 229 1720 causa
250 1675 293 1720 ex
317 1650 426 1720 domo
447 1653 603 1748 privata,
625 1669 661 1724 et
680 1653 828 1746 obscuri
846 1657 952 1727 etiam
972 1660 1068 1732 inter
1085 1687 1151 1760 po·

3 1789 4 1794 1
84 1761 260 1858 epulares
279 1757 441 1857 generis,
458 1787 613 1845 uxorem,
629 1761 768 1852 duxit³,
787 1779 824 1835 et
844 1790 961 1837 novus
980 1773 1151 1863 maritus,

83 1871 216 1942 «velut
233 1873 415 1966 saginatus
434 1871 660 1968 nuptialibus
679 1875 809 1962 coenis,
826 1874 870 1944 ad
888 1873 1046 1972 pugnam
1066 1903 1153 1976 pro.

82 1981 231 2050 «cessit.
258 1983 405 2050 Summa
429 1982 560 2050 virium
585 1983 735 2079 speique
762 1983 839 2078 ejus
862 1987 900 2054 in
918 1987 1042 2058 AEtolis
1061 1988 1151 2082 fuit3

3 2129 4 2134 κ
82 2103 220 2186 «gente
244 2090 435 2159 vanissima
459 2103 495 2160 et
519 2091 754 2188 ingratissima
764 2095 791 2177 ⁴,
814 2108 856 2163 ut
879 2119 943 2166 vos
964 2099 1064 2194 prius
1087 2127 1152 2172 ex-

80 2229 95 2263 «
109 2199 208 2297 perti
226 2199 327 2284 estis,
342 2223 441 2270 nunc
454 2199 655 2271 Antiochus
669 2203 865 2298 experitur.
877 2207 969 2276 Nam
981 2230 1049 2277 nec
1061 2233 1147 2281 con-

79 2339 94 2373 «
108 2293 291 2379 venerunt
305 2307 532 2404 frequentes,
553 2334 620 2380 nec
635 2312 814 2382 contineri
831 2314 869 2382 in
884 2317 1007 2386 castris
1020 2333 1150 2414 potue·

3 2445 4 2476 1
79 2451 94 2484 a
108 2435 220 2506 runt,
248 2434 284 2489 et
307 2420 346 2489 in
370 2417 548 2490 seditione
574 2421 643 2516 ipsi
668 2421 764 2490 inter
791 2445 828 2491 se
852 2438 957 2510 sunt3
979 2440 1015 2504 et
1033 2452 1149 2523 quum

79 2536 291 2627 «Hypatam
320 2527 491 2599 tuendam
519 2528 802 2626 Heracleamque
831 2531 1148 2629 depoposcissent,

78 2653 280 2711 «neutram
303 2639 426 2723 tutati,
443 2637 657 2736 refugerunt
677 2640 715 2708 in
732 2641 818 2737 juga
841 2643 1045 2729 montium,
1064 2670 1148 2743 pars

3 2729 4 2768 ss
77 2749 290 2822 «Heracleae
308 2747 533 2819 incluserunt
550 2773 636 2819 sese.
652 2753 729 2819 Rex
745 2749 822 2847 ipse
837 2749 1042 2843 confessus,
1059 2783 1146 2828 nus-

77 2881 222 2956 «quam
246 2882 349 2954 aequo
375 2881 501 2954 campo
525 2883 601 2928 non
625 2859 735 2929 modo
761 2860 933 2959 congredi
953 2887 990 2934 se
1014 2865 1059 2935 ad
1076 2893 1146 2963 pu-

77 2993 217 3066 «gnam
241 2968 394 3054 audere,
412 2967 477 3040 sed
496 2993 542 3039 ne
568 2985 680 3039 castra
700 2971 846 3066 quidem
868 2974 906 3042 in
929 2990 1056 3071 aperto
1079 3001 1147 3074 po-

3 3069 4 3142 l
78 3075 238 3162 «nere5,
267 3079 392 3149 relicta
417 3079 517 3148 omni
539 3093 622 3150 ante
651 3103 690 3149 se
714 3081 863 3176 regione
889 3106 950 3170 ea,
976 3108 1086 3179 quam
1107 3113 1146 3162 se

79 3219 94 3254 ιι
106 3189 219 3261 nobis
237 3213 278 3260 ac
300 3188 467 3286 Philippo
490 3188 663 3259 ademisse
679 3186 911 3286 gloriabatur,
931 3195 1091 3267 condidit
1108 3224 1146 3270 se

78 3329 93 3362 u
107 3301 203 3370 intra
219 3324 348 3396 rupes;
366 3323 412 3369 ne
428 3313 511 3368 ante
525 3297 645 3370 fauces
661 3298 810 3397 quidem
826 3299 955 3390 saltus,
974 3318 1016 3374 ut
1030 3331 1145 3402 quon·

78 3409 192 3480 «dam
211 3408 501 3479 Lacedaemonios
521 3407 614 3479 sama
633 3423 706 3494 est,
723 3411 900 3509 sedintra
923 3416 1068 3509 penitus
1088 3444 1143 3490 re-

80 3519 232 3590 «tractis
257 3520 389 3588 castris.
417 3519 527 3606 Quod
551 3532 727 3614 quantum
745 3521 895 3591 interest
915 3522 960 3591 ad
976 3525 1144 3597 timorem

114 3767 138 3813 3.
153 3767 196 3813 Ea·
209 3763 282 3812 domo
289 3763 536 3828 privata...u.co.=·em
545 3764 590 3810 du-
634 3767 713 3830 φανῶν
728 3762 801 3809 fuisse
815 3762 887 3820 dicit;
904 3773 928 3809 et
942 3763 995 3825 ipso
1009 3763 1091 3813 Livius
1105 3782 1143 3814 ca-
1191 3787 1197 3800 ¹

80 3843 131 3900 πὶ,-
147 3843 200 3891 vid.
218 3859 270 3906 cap.
287 3859 326 3890 11.
347 3870 382 3880 -
404 3842 506 3890 Obscuri
515 3842 590 3889 etiam
633 3841 680 3906 pit.
691 3843 732 3888 cit.
742 3839 970 3889 cademoonfirmat.
982 3843 1027 3890 En.

81 3921 142 3968 inter
154 3923 290 3986 populares
308 3921 405 3986 generis
422 3937 490 3968 more
509 3932 590 3969 orato·
670 3927 694 3975 4.
706 3920 783 3968 Gente
794 3920 930 3969 vanissima
936 3934 1000 3979 ,etc.
1008 3926 1067 3972 v.X
1095 3928 1141 3986 VI,

81 4016 133 4046 rum
150 4000 267 4062 au'gendae
285 4001 445 4064 turpitudinis
465 4016 534 4047 causa
553 4000 590 4046 di·
635 3999 681 4056 25,
698 4015 723 4046 n.
734 3999 760 4046 6.

81 4089 163 4126 ctum:
176 4094 233 4124 nam
247 4079 335 4142 Polyb.
346 4081 411 4137 XX,
432 4081 460 4138 8,
476 4077 591 4141 Cleopto-
671 4076 693 4127 5.
706 4079 793 4126 Castra
803 4079 828 4126 in
839 4091 923 4144 aperto
930 4097 1037 4145 ponem
1046 4082 1101 4130 vide
1110 4082 1142 4129 ad

80 4155 183 4217 lemum,
191 4170 284 4221 patrem
294 4159 393 4222 puellae,
412 4159 453 4209 ἕνα
471 4163 519 4209 τῶν
537 4159 590 4208 ἑπι-
636 4154 715 4217 XXI,
734 4160 780 4219 32,
794 4175 819 4205 n.
830 4175 853 4217 7.

200 4248 282 4312 VII.
457 4267 460 4276 '
978 4243 998 4314 3
