2848 4958
275 407 320 478 aa
691 410 729 476 r.
763 409 907 478 mvn
1185 381 1306 488 32:223:

271 530 433 604 exercitu
452 531 658 602 Granouem
679 543 734 600 est
757 551 980 626 progressus.
1003 527 1174 599 venienti
1190 525 1330 596 Pharsa·

240 720 243 728 ι
270 641 347 728 lus,
367 643 535 712 Scotussa
553 654 591 718 et
610 638 754 728 Pherae,
775 663 930 737 quaeque
949 639 988 708 in
1010 639 1061 710 eis
1077 636 1241 736 praesidia
1259 638 1332 706 An·

270 749 383 820 tiochi
404 763 527 848 erant,
550 747 746 822 deduntur.
768 755 822 822 Ex
839 750 882 820 iis
904 749 1153 845 interrogatis,
1175 749 1240 844 qui
1259 770 1332 816 ma·

271 883 359 930 nere
380 881 501 930 secum
525 859 679 946 vellent,
701 859 800 932 mille
820 857 985 931 volentes
1001 854 1191 956 Philipp0³
1207 855 1332 943 tradit;
1417 859 1418 912 ἶ

271 982 420 1040 caeteros
430 969 586 1040 inermes
598 968 866 1042 Demetriadem
874 969 1036 1040 remittit.
1050 971 1244 1040 Proernam
1252 965 1334 1036 inde

270 1079 429 1175 recepit,
453 1093 490 1150 et
506 1102 586 1175 quae
609 1082 796 1152 circaeam
813 1079 957 1152 castella
971 1092 1083 1150 erant.
1102 1083 1245 1150 Ducere
1260 1091 1335 1149 tum
1418 1157 1419 1168 χ

270 1212 384 1287 ροιιο
399 1189 439 1259 in
454 1189 573 1260 sinum
587 1190 779 1263 Maliacum
794 1189 912 1288 coepit.
926 1190 1255 1288 Appropinqnante
1267 1183 1338 1258 sau·

271 1297 392 1387 cibus,
413 1323 524 1397 snper
546 1325 636 1396 quas
659 1303 719 1372 siti
740 1300 935 1374 Thaumaci
954 1313 1055 1385 sunt,
1071 1297 1213 1370 deserta
1228 1294 1337 1382 urbe,

267 1406 441 1502 juventus
464 1411 584 1481 omnis
608 1425 744 1484 armata
759 1409 864 1482 silvas
880 1424 916 1480 et
933 1408 1063 1484 itinera
1077 1406 1229 1498 insedit,
1248 1421 1284 1478 et
1301 1407 1337 1476 in
1419 1491 1420 1496 Ἰ

272 1541 403 1613 agmen
434 1543 628 1593 romanum
661 1546 705 1592 ex
738 1518 986 1617 superioribus
1017 1518 1104 1591 locis
1135 1517 1337 1590 incursavit.

272 1626 410 1698 Consul
423 1629 542 1728 primo
555 1631 718 1719 mittere,
732 1632 796 1727 qui
810 1655 855 1702 ex
867 1631 1080 1729 propinquo
1092 1630 1340 1726 colloquentes

272 1733 500 1808 deterrerent
518 1761 580 1808 eos
603 1762 624 1809 a
647 1738 710 1811 tali
728 1737 875 1836 furores
895 1753 1090 1838 postquam
1113 1761 1341 1838 perseverare

272 1848 311 1918 in
332 1848 478 1944 incepto
499 1846 609 1936 vidit,
629 1848 779 1922 tribuno
798 1875 883 1922 cnm
899 1848 1055 1921 duorum
1073 1850 1264 1946 signorum
1280 1847 1343 1917 mi·

271 1957 398 2030 litibus
416 1959 685 2049 circummisso,
707 1961 908 2033 interclusit
926 1958 972 2030 ad
989 1959 1119 2030 urbem
1142 1961 1212 2032 iter
1229 1981 1341 2030 arma-

272 2069 342 2156 tis,
366 2092 592 2166 vacuamque
615 2095 694 2142 eam
719 2072 826 2167 cepit.
845 2077 961 2158 Tum,
988 2070 1147 2142 clamore
1172 2069 1223 2140 ah
1244 2083 1343 2164 tergo

274 2194 387 2278 captae
409 2178 511 2254 urhis
535 2181 682 2269 audito,
711 2179 970 2280 refugientium
995 2180 1161 2276 undique
1184 2207 1229 2252 ex
1251 2178 1344 2250 silvis

274 2289 527 2362 insidiatorum
547 2291 662 2364 caedes
682 2289 775 2368 facta
794 2306 858 2364 est.
880 2293 911 2361 A
928 2290 1143 2364 Thaumacis
1158 2291 1274 2363 altero
1290 2289 1345 2359 die

275 2400 404 2472 consul
425 2399 471 2474 ad
495 2402 710 2499 Sperchium
736 2424 881 2474 amnem
907 2403 1093 2500 pervenit:
1119 2401 1207 2476 inde
1229 2406 1345 2548 Hypa·
1422 2476 1423 2482 .

275 2527 426 2587 taeorum
445 2538 550 2612 agros
565 2516 727 2586 vastavit.
1422 2499 1423 2520 ³

325 2628 402 2694 XV.
427 2626 552 2713 Quum
577 2624 653 2696 haec
673 2622 911 2721 agebantur1,
936 2621 1107 2696 Chalcide
1126 2637 1204 2694 erat
1222 2623 1348 2696 Antio·

277 2729 390 2804 chus:
407 2735 487 2830 qui,
499 2734 666 2829 jamtum
681 2758 852 2824 cernens,
870 2732 961 2806 nihil
975 2757 1012 2807 se
1028 2757 1072 2804 ex
1087 2735 1244 2822 Graecia,
1260 2757 1348 2831 prae-

277 2857 334 2916 ter
353 2851 497 2914 amoena
516 2842 686 2917 Chalcide
706 2844 860 2918 hiberna
880 2857 917 2916 et
933 2841 1085 2917 infames
1102 2845 1272 2940 nuptias,
1292 2866 1350 2940 pe·

276 2955 362 3026 tissc
372 3009 382 3043 ,
394 2955 596 3026 AEtolorum
607 2980 700 3026 vana
711 2955 887 3053 promissa
900 2954 1065 3026 incusare
1080 2966 1117 3023 et
1127 2952 1350 3038 Thoantem;

277 3063 519 3138 Hannibalern
537 3091 645 3153 vero,
661 3091 738 3138 non
754 3079 796 3138 ut
813 3064 1029 3162 prudentem
1050 3077 1192 3134 tantum
1214 3065 1352 3143 virum,

314 3262 339 3310 3.
349 3261 418 3310 Mitte
436 3263 546 3310 volentes
563 3261 676 3327 Philippo
699 3261 777 3310 tradit
782 3281 791 3319 ς
837 3278 882 3321 eo,
913 3271 941 3310 ut
965 3259 1177 3326 progredientibus
1196 3261 1352 3316 XXXVIII,

278 3339 377 3389 videad
388 3342 466 3400 XXI,
480 3342 527 3404 39,
539 3359 564 3390 n.
580 3343 791 3398 t.-l¹roernam‚
840 3341 872 3388 15
884 3357 923 3406 pr.
937 3366 973 3377 -
990 3341 1101 3387 Duorum
1113 3338 1257 3404 signorum,
1278 3340 1354 3388 mani-

278 3431 307 3468 ut
319 3419 385 3484 apud
403 3420 518 3470 strabon.
534 3423 588 3484 IX,
606 3421 666 3480 434.
676 3421 791 3491 Πρόὰρνα
838 3422 969 3488 pulcrum3
982 3419 1033 3470 vid.
1043 3421 1126 3478 XXV,
1139 3420 1186 3480 ιδ,
1197 3437 1224 3470 n.
1233 3438 1259 3485 9.
1270 3423 1317 3470 En.

278 3499 349 3560 πόλις
361 3501 473 3556 Μηλιέων
495 3500 580 3565 steph.
597 3527 632 3538 -
649 3502 719 3550 circa
729 3518 792 3550 eum·
873 3504 935 3551 Car.
943 3502 1001 3550 XV.
1014 3515 1036 3548 ι.
1049 3501 1127 3562 Quum
1136 3498 1189 3547 ltoec
1198 3502 1354 3566 agebamm

279 3579 313 3632 Τὸ
324 3595 380 3628 eam
388 3579 556 3628 delentGron.
566 3581 669 3631 etCrev.
678 3581 722 3629 aed
730 3581 793 3629 hanc
838 3582 896 3632 vide
907 3580 939 3629 ad
950 3596 1006 3644 cap.
1017 3579 1047 3639 5,
1060 3597 1087 3630 n.
1104 3596 1126 3629 1.
1137 3606 1174 3620 -
1184 3579 1297 3646 Insames
1312 3597 1356 3628 rru-

278 3677 382 3721 vocem,
402 3657 568 3724 ambiguitatis
585 3661 706 3710 evitanda
723 3677 794 3710 causa
833 3663 911 3728 ptius.
920 3662 982 3725 Regi
990 3658 1135 3709 scilicethar
1143 3661 1245 3724 nuptias
1253 3659 1357 3726 infirmes

280 3739 451 3796 paenuriam,
460 3755 476 3786 e
485 3739 562 3788 codd.
571 3741 716 3789 auctoritate
724 3752 795 3790 tuen·
840 3742 889 3790 dici
901 3751 973 3806 putat
989 3740 1108 3805 Doering.
1123 3755 1175 3788 non
1189 3751 1289 3788 tantum
1302 3738 1359 3804 qnia

280 3831 321 3868 tnr
329 3819 404 3868 Drak.
416 3829 441 3868 et
453 3819 571 3884 Doering.
581 3821 627 3869 En.
635 3823 705 3868 —In
715 3821 795 3869 sinum
839 3821 960 3886 virginem
972 3819 1061 3870 humili
1075 3821 1133 3868 loco
1145 3830 1230 3868 natam
1244 3819 1294 3868 sibi
1303 3819 1359 3880 jun·

281 3897 417 3946 Maliacum
424 3898 499 3956 ,wide
508 3898 540 3947 ad
548 3901 681 3960 XXVIII,
692 3900 723 3958 5,
733 3917 759 3949 n.
770 3901 795 3949 6.
841 3910 923 3959 xerat,
936 3898 980 3948 red
997 3901 1069 3948 etiam
1086 3899 1143 3964 quit
1165 3910 1266 3965 tempus
1288 3898 1360 3946 rebus

279 3979 316 4026 Eo
323 3979 392 4043 prius
400 3979 484 4040 venit,
494 3996 567 4044 quam
576 3982 717 4046 Hypatam,
727 3979 796 4044 qnod
842 3979 988 4044 gravissimis
998 3977 1206 4046 impendendum,
1217 3991 1243 4030 et
1258 3980 1360 4036 famam,

281 4058 386 4108 offendit
396 4059 462 4109 Glar.
473 4070 496 4108 et
506 4060 592 4124 Sigon.
604 4060 648 4108 inf.
659 4061 795 4118 XXXVII,
841 4075 889 4124 qua
902 4061 966 4109 balla
982 4070 1112 4118 constant,
1128 4057 1235 4124 turpiter
1249 4060 1276 4108 in
1291 4058 1361 4108 volu-

282 4143 314 4200 o,
327 4155 379 4189 non
392 4139 418 4190 h.
431 4141 448 4188 l.
462 4167 497 4178 -
510 4140 743 4205 Appropinquante,
761 4155 794 4188 ac.
841 4140 916 4205 pratia
925 4141 1006 4190 fructu
1016 4139 1173 4188 contriverat.
1185 4139 1232 4187 En.
