<?xml version="1.0" encoding="UTF-8"?>
<!DOCTYPE html PUBLIC "-//W3C//DTD XHTML 1.0 Transitional//EN"
    "http://www.w3.org/TR/xhtml1/DTD/xhtml1-transitional.dtd">
<html xmlns="http://www.w3.org/1999/xhtml" xml:lang="en" lang="en">
 <head>
  <title>
</title>
<meta http-equiv="Content-Type" content="text/html;charset=utf-8" />
  <meta name='ocr-system' content='tesseract 3.04.00' />
  <meta name='ocr-capabilities' content='ocr_page ocr_carea ocr_par ocr_line ocrx_word'/>
</head>
<body>
  <div class='ocr_page' id='page_1' title='image "bibliothecaclas100lemagoog_0022.png"; bbox 0 0 2848 4958; ppageno 0'>
   <div class='ocr_carea' id='block_1_1' title="bbox 141 375 1166 500">
    <p class='ocr_par' dir='ltr' id='par_1_1' title="bbox 141 375 1166 500">
     <span class='ocr_line' id='line_1_1' title="bbox 141 375 1166 500; baseline -0.013 -21"><span class='ocrx_word' id='word_1_1' title='bbox 141 375 255 480; x_wconf 75' lang='lat' dir='ltr'><strong>tte:</strong></span> <span class='ocrx_word' id='word_1_2' title='bbox 332 400 426 466; x_wconf 76' lang='lat' dir='ltr'><strong>sie.</strong></span> <span class='ocrx_word' id='word_1_3' title='bbox 453 401 632 469; x_wconf 80' lang='lat' dir='ltr'><strong>xxxvi.</strong></span> <span class='ocrx_word' id='word_1_4' title='bbox 662 403 767 470; x_wconf 79' lang='lat' dir='ltr'><strong>cae.</strong></span> <span class='ocrx_word' id='word_1_5' title='bbox 793 403 842 469; x_wconf 90' lang='lat'><strong>11.</strong></span> <span class='ocrx_word' id='word_1_6' title='bbox 868 405 940 470; x_wconf 88' lang='lat'><em>111.</em></span> <span class='ocrx_word' id='word_1_7' title='bbox 1147 431 1166 500; x_wconf 87' lang='lat'>7</span> 
     </span>
    </p>
   </div>
   <div class='ocr_carea' id='block_1_2' title="bbox 16 519 1263 3366">
    <p class='ocr_par' dir='ltr' id='par_1_2' title="bbox 119 519 1168 616">
     <span class='ocr_line' id='line_1_2' title="bbox 119 519 1168 616; baseline 0.01 -28"><span class='ocrx_word' id='word_1_8' title='bbox 119 519 223 616; x_wconf 88' lang='lat' dir='ltr'><strong>primo</strong></span> <span class='ocrx_word' id='word_1_9' title='bbox 242 542 389 615; x_wconf 89' lang='lat' dir='ltr'><strong>quoque</strong></span> <span class='ocrx_word' id='word_1_10' title='bbox 409 533 574 616; x_wconf 83' lang='lat' dir='ltr'><strong>ternpore</strong></span> <span class='ocrx_word' id='word_1_11' title='bbox 589 519 730 614; x_wconf 85' lang='lat' dir='ltr'><strong>jussus,</strong></span> <span class='ocrx_word' id='word_1_12' title='bbox 749 535 786 593; x_wconf 87' lang='lat' dir='ltr'><strong>et</strong></span> <span class='ocrx_word' id='word_1_13' title='bbox 798 520 844 592; x_wconf 88' lang='lat' dir='ltr'><strong>ab</strong></span> <span class='ocrx_word' id='word_1_14' title='bbox 859 523 967 596; x_wconf 87' lang='lat' dir='ltr'><strong>Atilio</strong></span> <span class='ocrx_word' id='word_1_15' title='bbox 986 548 1094 598; x_wconf 90' lang='lat' dir='ltr'><strong>naves</strong></span> <span class='ocrx_word' id='word_1_16' title='bbox 1112 551 1168 598; x_wconf 90' lang='lat' dir='ltr'><strong>ac-</strong></span> 
     </span>
    </p>

    <p class='ocr_par' dir='ltr' id='par_1_3' title="bbox 25 630 1170 1053">
     <span class='ocr_line' id='line_1_3' title="bbox 102 630 1170 726; baseline 0.013 -34"><span class='ocrx_word' id='word_1_17' title='bbox 102 630 234 724; x_wconf 79' lang='lat' dir='ltr'><strong>cipere.</strong></span> <span class='ocrx_word' id='word_1_18' title='bbox 248 633 400 700; x_wconf 84' lang='lat' dir='ltr'><strong>Veteres</strong></span> <span class='ocrx_word' id='word_1_19' title='bbox 413 653 540 718; x_wconf 87' lang='lat' dir='ltr'><strong>naves,</strong></span> <span class='ocrx_word' id='word_1_20' title='bbox 560 655 641 726; x_wconf 83' lang='lat' dir='ltr'><strong>quae</strong></span> <span class='ocrx_word' id='word_1_21' title='bbox 659 631 698 700; x_wconf 92' lang='lat' dir='ltr'><strong>in</strong></span> <span class='ocrx_word' id='word_1_22' title='bbox 716 630 902 702; x_wconf 88' lang='lat' dir='ltr'><strong>navalibus</strong></span> <span class='ocrx_word' id='word_1_23' title='bbox 921 650 1042 722; x_wconf 87' lang='lat' dir='ltr'><strong>erant,</strong></span> <span class='ocrx_word' id='word_1_24' title='bbox 1062 650 1104 706; x_wconf 90' lang='lat' dir='ltr'><strong>ut</strong></span> <span class='ocrx_word' id='word_1_25' title='bbox 1117 660 1170 706; x_wconf 90' lang='lat' dir='ltr'><strong>re·</strong></span> 
     </span>
     <span class='ocr_line' id='line_1_4' title="bbox 117 735 1170 837; baseline 0.008 -31"><span class='ocrx_word' id='word_1_26' title='bbox 117 735 229 809; x_wconf 89' lang='lat' dir='ltr'><strong>liceret</strong></span> <span class='ocrx_word' id='word_1_27' title='bbox 243 752 278 809; x_wconf 93' lang='lat' dir='ltr'><strong>et</strong></span> <span class='ocrx_word' id='word_1_28' title='bbox 294 752 467 826; x_wconf 88' lang='lat' dir='ltr'><strong>armaret,</strong></span> <span class='ocrx_word' id='word_1_29' title='bbox 486 742 535 808; x_wconf 89' lang='lat' dir='ltr'><strong>M.</strong></span> <span class='ocrx_word' id='word_1_30' title='bbox 554 741 662 812; x_wconf 80' lang='lat' dir='ltr'><strong>lunio</strong></span> <span class='ocrx_word' id='word_1_31' title='bbox 677 741 822 837; x_wconf 80' lang='lat' dir='ltr'><strong>praetori</strong></span> <span class='ocrx_word' id='word_1_32' title='bbox 839 743 1028 837; x_wconf 81' lang='lat' dir='ltr'><strong>negotium</strong></span> <span class='ocrx_word' id='word_1_33' title='bbox 1044 743 1170 814; x_wconf 89' lang='lat' dir='ltr'><strong>datum</strong></span> 
     </span>
     <span class='ocr_line' id='line_1_5' title="bbox 25 843 1169 934; baseline 0.009 -19"><span class='ocrx_word' id='word_1_34' title='bbox 25 843 28 853; x_wconf 83' lang='lat'>&#39;</span> <span class='ocrx_word' id='word_1_35' title='bbox 116 861 181 934; x_wconf 91' lang='lat' dir='ltr'><strong>est,</strong></span> <span class='ocrx_word' id='word_1_36' title='bbox 201 863 236 919; x_wconf 89' lang='lat' dir='ltr'><strong>et</strong></span> <span class='ocrx_word' id='word_1_37' title='bbox 254 849 292 920; x_wconf 86' lang='lat' dir='ltr'><strong>in</strong></span> <span class='ocrx_word' id='word_1_38' title='bbox 312 873 391 920; x_wconf 89' lang='lat' dir='ltr'><strong>earn</strong></span> <span class='ocrx_word' id='word_1_39' title='bbox 409 848 556 922; x_wconf 87' lang='lat' dir='ltr'><strong>classem</strong></span> <span class='ocrx_word' id='word_1_40' title='bbox 577 849 694 921; x_wconf 89' lang='lat' dir='ltr'><strong>socios</strong></span> <span class='ocrx_word' id='word_1_41' title='bbox 715 851 858 924; x_wconf 87' lang='lat' dir='ltr'><strong>navales</strong></span> <span class='ocrx_word' id='word_1_42' title='bbox 880 850 1094 925; x_wconf 80' lang='lat' dir='ltr'><strong>libertinos⁸</strong></span> <span class='ocrx_word' id='word_1_43' title='bbox 1116 855 1169 926; x_wconf 85' lang='lat' dir='ltr'><strong>le-</strong></span> 
     </span>
     <span class='ocr_line' id='line_1_6' title="bbox 115 971 216 1053; baseline 0.03 -25"><span class='ocrx_word' id='word_1_44' title='bbox 115 971 216 1053; x_wconf 86' lang='lat' dir='ltr'><strong>geret.</strong></span> 
     </span>
    </p>

    <p class='ocr_par' dir='ltr' id='par_1_4' title="bbox 16 1069 1263 3366">
     <span class='ocr_line' id='line_1_7' title="bbox 154 1069 1172 1169; baseline 0.009 -33"><span class='ocrx_word' id='word_1_45' title='bbox 154 1070 213 1138; x_wconf 90' lang='grc' dir='ltr'><strong>ΙΙΙ.</strong></span> <span class='ocrx_word' id='word_1_46' title='bbox 232 1069 356 1164; x_wconf 81' lang='lat' dir='ltr'><strong>Legati</strong></span> <span class='ocrx_word' id='word_1_47' title='bbox 383 1069 477 1140; x_wconf 89' lang='lat' dir='ltr'><strong>terni</strong></span> <span class='ocrx_word' id='word_1_48' title='bbox 499 1070 536 1138; x_wconf 89' lang='lat' dir='ltr'><strong>in</strong></span> <span class='ocrx_word' id='word_1_49' title='bbox 555 1069 712 1142; x_wconf 86' lang='lat' dir='ltr'><strong>Africam</strong></span> <span class='ocrx_word' id='word_1_50' title='bbox 736 1069 781 1140; x_wconf 89' lang='lat' dir='ltr'><strong>ad</strong></span> <span class='ocrx_word' id='word_1_51' title='bbox 806 1072 1118 1169; x_wconf 84' lang='lat' dir='ltr'><strong>Carthaginienses</strong></span> <span class='ocrx_word' id='word_1_52' title='bbox 1136 1089 1172 1144; x_wconf 92' lang='lat' dir='ltr'><strong>et</strong></span> 
     </span>
     <span class='ocr_line' id='line_1_8' title="bbox 115 1175 1173 1279; baseline 0.009 -35"><span class='ocrx_word' id='word_1_53' title='bbox 115 1175 146 1246; x_wconf 91' lang='lat' dir='ltr'><strong>in</strong></span> <span class='ocrx_word' id='word_1_54' title='bbox 158 1177 362 1250; x_wconf 85' lang='lat' dir='ltr'><strong>Numidiam</strong></span> <span class='ocrx_word' id='word_1_55' title='bbox 379 1177 422 1250; x_wconf 90' lang='lat' dir='ltr'><strong>ad</strong></span> <span class='ocrx_word' id='word_1_56' title='bbox 438 1177 661 1252; x_wconf 86' lang='lat' dir='ltr'><strong>frumentum</strong></span> <span class='ocrx_word' id='word_1_57' title='bbox 677 1180 898 1276; x_wconf 89' lang='lat' dir='ltr'><strong>rogandum,</strong></span> <span class='ocrx_word' id='word_1_58' title='bbox 914 1183 1015 1279; x_wconf 90' lang='lat' dir='ltr'><strong>quod</strong></span> <span class='ocrx_word' id='word_1_59' title='bbox 1029 1185 1067 1252; x_wconf 93' lang='lat' dir='ltr'><strong>in</strong></span> <span class='ocrx_word' id='word_1_60' title='bbox 1081 1188 1173 1255; x_wconf 76' lang='lat' dir='ltr'><strong>Grae·</strong></span> 
     </span>
     <span class='ocr_line' id='line_1_9' title="bbox 114 1287 1173 1391; baseline 0.008 -35"><span class='ocrx_word' id='word_1_61' title='bbox 114 1287 194 1358; x_wconf 89' lang='lat' dir='ltr'><strong>ciam</strong></span> <span class='ocrx_word' id='word_1_62' title='bbox 208 1301 436 1384; x_wconf 89' lang='lat' dir='ltr'><strong>portaretur,</strong></span> <span class='ocrx_word' id='word_1_63' title='bbox 453 1290 572 1375; x_wconf 79' lang='lat' dir='ltr'><strong>missi3</strong></span> <span class='ocrx_word' id='word_1_64' title='bbox 595 1313 753 1386; x_wconf 90' lang='lat' dir='ltr'><strong>proquo</strong></span> <span class='ocrx_word' id='word_1_65' title='bbox 768 1292 926 1387; x_wconf 90' lang='lat' dir='ltr'><strong>pretium</strong></span> <span class='ocrx_word' id='word_1_66' title='bbox 945 1294 1099 1364; x_wconf 88' lang='lat' dir='ltr'><strong>solveret</strong></span> <span class='ocrx_word' id='word_1_67' title='bbox 1111 1319 1173 1391; x_wconf 82' lang='lat' dir='ltr'><strong>po</strong></span> 
     </span>
     <span class='ocr_line' id='line_1_10' title="bbox 16 1396 1173 1500; baseline 0.008 -35"><span class='ocrx_word' id='word_1_68' title='bbox 16 1409 17 1418; x_wconf 78' lang='grc'>’</span> <span class='ocrx_word' id='word_1_69' title='bbox 115 1396 211 1491; x_wconf 86' lang='lat' dir='ltr'><strong>pulus</strong></span> <span class='ocrx_word' id='word_1_70' title='bbox 223 1422 408 1469; x_wconf 91' lang='lat' dir='ltr'><strong>romanus.</strong></span> <span class='ocrx_word' id='word_1_71' title='bbox 419 1401 593 1496; x_wconf 80' lang='lat' dir='ltr'><strong>Adeoque</strong></span> <span class='ocrx_word' id='word_1_72' title='bbox 604 1401 643 1470; x_wconf 90' lang='lat' dir='ltr'><strong>in</strong></span> <span class='ocrx_word' id='word_1_73' title='bbox 656 1415 868 1498; x_wconf 89' lang='lat' dir='ltr'><strong>apparatum</strong></span> <span class='ocrx_word' id='word_1_74' title='bbox 882 1426 1080 1500; x_wconf 86' lang='lat' dir='ltr'><strong>curamque</strong></span> <span class='ocrx_word' id='word_1_75' title='bbox 1095 1405 1126 1499; x_wconf 88' lang='lat' dir='ltr'><strong>ej</strong></span> <span class='ocrx_word' id='word_1_76' title='bbox 1132 1429 1173 1474; x_wconf 90' lang='lat' dir='ltr'><strong>us</strong></span> 
     </span>
     <span class='ocr_line' id='line_1_11' title="bbox 114 1505 1172 1597; baseline 0.01 -22"><span class='ocrx_word' id='word_1_77' title='bbox 114 1505 189 1578; x_wconf 90' lang='lat' dir='ltr'><strong>belli</strong></span> <span class='ocrx_word' id='word_1_78' title='bbox 203 1509 327 1580; x_wconf 89' lang='lat' dir='ltr'><strong>civitas</strong></span> <span class='ocrx_word' id='word_1_79' title='bbox 339 1509 479 1580; x_wconf 89' lang='lat' dir='ltr'><strong>intenta</strong></span> <span class='ocrx_word' id='word_1_80' title='bbox 493 1509 582 1597; x_wconf 86' lang='lat' dir='ltr'><strong>fuit,</strong></span> <span class='ocrx_word' id='word_1_81' title='bbox 602 1524 643 1581; x_wconf 90' lang='lat' dir='ltr'><strong>ut</strong></span> <span class='ocrx_word' id='word_1_82' title='bbox 657 1516 692 1581; x_wconf 93' lang='lat' dir='ltr'><strong>P.</strong></span> <span class='ocrx_word' id='word_1_83' title='bbox 711 1513 902 1584; x_wconf 89' lang='lat' dir='ltr'><strong>Cornelius</strong></span> <span class='ocrx_word' id='word_1_84' title='bbox 916 1514 1045 1584; x_wconf 90' lang='lat' dir='ltr'><strong>consul</strong></span> <span class='ocrx_word' id='word_1_85' title='bbox 1060 1513 1172 1586; x_wconf 90' lang='lat' dir='ltr'><strong>edice·</strong></span> 
     </span>
     <span class='ocr_line' id='line_1_12' title="bbox 16 1621 1172 1718; baseline 0.006 -33"><span class='ocrx_word' id='word_1_86' title='bbox 16 1631 18 1712; x_wconf 65' lang='grc' dir='ltr'><strong><em>ζ</em></strong></span> <span class='ocrx_word' id='word_1_87' title='bbox 114 1631 177 1705; x_wconf 90' lang='lat' dir='ltr'><strong>ret,</strong></span> <span class='ocrx_word' id='word_1_88' title='bbox 197 1622 272 1710; x_wconf 82' lang='lat' dir='ltr'><strong>Qui</strong></span> <span class='ocrx_word' id='word_1_89' title='bbox 292 1635 475 1692; x_wconf 81' lang='lat' dir='ltr'><strong>senatores</strong></span> <span class='ocrx_word' id='word_1_90' title='bbox 496 1637 631 1706; x_wconf 87' lang='lat' dir='ltr'><strong>essent,</strong></span> <span class='ocrx_word' id='word_1_91' title='bbox 651 1621 855 1718; x_wconf 83' lang='lat' dir='ltr'><strong>quibusque</strong></span> <span class='ocrx_word' id='word_1_92' title='bbox 879 1627 918 1692; x_wconf 90' lang='lat' dir='ltr'><strong>in</strong></span> <span class='ocrx_word' id='word_1_93' title='bbox 936 1637 1066 1694; x_wconf 83' lang='lat' dir='ltr'><strong>senatu</strong></span> <span class='ocrx_word' id='word_1_94' title='bbox 1088 1648 1172 1693; x_wconf 87' lang='lat' dir='ltr'><strong>sen-</strong></span> 
     </span>
     <span class='ocr_line' id='line_1_13' title="bbox 111 1727 1172 1826; baseline 0.008 -31"><span class='ocrx_word' id='word_1_95' title='bbox 111 1734 250 1798; x_wconf 86' lang='lat' dir='ltr'><strong>tentiam</strong></span> <span class='ocrx_word' id='word_1_96' title='bbox 274 1729 392 1800; x_wconf 78' lang='lat' dir='ltr'><strong>dicere</strong></span> <span class='ocrx_word' id='word_1_97' title='bbox 416 1727 571 1816; x_wconf 68' lang='lat' dir='ltr'><strong>licerer,</strong></span> <span class='ocrx_word' id='word_1_98' title='bbox 597 1735 733 1826; x_wconf 88' lang='lat' dir='ltr'><strong>quique</strong></span> <span class='ocrx_word' id='word_1_99' title='bbox 759 1736 915 1802; x_wconf 88' lang='lat' dir='ltr'><strong>minores</strong></span> <span class='ocrx_word' id='word_1_100' title='bbox 941 1737 1172 1826; x_wconf 77' lang='lat' dir='ltr'><strong>meginratus</strong></span> 
     </span>
     <span class='ocr_line' id='line_1_14' title="bbox 110 1837 1170 1935; baseline 0.004 -29"><span class='ocrx_word' id='word_1_101' title='bbox 110 1853 234 1924; x_wconf 81' lang='lat' dir='ltr'><strong>essent,</strong></span> <span class='ocrx_word' id='word_1_102' title='bbox 256 1864 304 1908; x_wconf 89' lang='lat' dir='ltr'><strong>ne</strong></span> <span class='ocrx_word' id='word_1_103' title='bbox 320 1843 401 1935; x_wconf 88' lang='lat' dir='ltr'><strong>quis</strong></span> <span class='ocrx_word' id='word_1_104' title='bbox 421 1863 545 1910; x_wconf 83' lang='lat' dir='ltr'><strong>eorum</strong></span> <span class='ocrx_word' id='word_1_105' title='bbox 566 1838 706 1934; x_wconf 80' lang='lat' dir='ltr'><strong>longius</strong></span> <span class='ocrx_word' id='word_1_106' title='bbox 723 1839 772 1910; x_wconf 83' lang='lat' dir='ltr'><strong>ab</strong></span> <span class='ocrx_word' id='word_1_107' title='bbox 791 1839 881 1910; x_wconf 88' lang='lat' dir='ltr'><strong>urbe</strong></span> <span class='ocrx_word' id='word_1_108' title='bbox 897 1837 1015 1910; x_wconf 80' lang='lat' dir='ltr'><strong>Roma</strong></span> <span class='ocrx_word' id='word_1_109' title='bbox 1033 1840 1170 1922; x_wconf 86' lang='lat' dir='ltr'><strong>abiret,</strong></span> 
     </span>
     <span class='ocr_line' id='line_1_15' title="bbox 109 1947 1172 2046; baseline 0.004 -30"><span class='ocrx_word' id='word_1_110' title='bbox 109 1971 213 2040; x_wconf 86' lang='lat' dir='ltr'><strong>quam</strong></span> <span class='ocrx_word' id='word_1_111' title='bbox 236 1947 337 2018; x_wconf 86' lang='lat' dir='ltr'><strong>unde</strong></span> <span class='ocrx_word' id='word_1_112' title='bbox 359 1971 403 2020; x_wconf 90' lang='lat' dir='ltr'><strong>eo</strong></span> <span class='ocrx_word' id='word_1_113' title='bbox 430 1947 490 2018; x_wconf 89' lang='lat' dir='ltr'><strong>die</strong></span> <span class='ocrx_word' id='word_1_114' title='bbox 510 1947 628 2019; x_wconf 88' lang='lat' dir='ltr'><strong>redire</strong></span> <span class='ocrx_word' id='word_1_115' title='bbox 641 1965 789 2046; x_wconf 83' lang='lat' dir='ltr'><strong>posset,·</strong></span> <span class='ocrx_word' id='word_1_116' title='bbox 808 1973 895 2020; x_wconf 87' lang='lat' dir='ltr'><strong>neve</strong></span> <span class='ocrx_word' id='word_1_117' title='bbox 916 1974 989 2020; x_wconf 87' lang='lat' dir='ltr'><strong>uno</strong></span> <span class='ocrx_word' id='word_1_118' title='bbox 1013 1965 1172 2046; x_wconf 84' lang='lat' dir='ltr'><strong>tempore</strong></span> 
     </span>
     <span class='ocr_line' id='line_1_16' title="bbox 16 2057 1174 2154; baseline 0.004 -29"><span class='ocrx_word' id='word_1_119' title='bbox 16 2061 17 2076; x_wconf 62' lang='lat'>¹</span> <span class='ocrx_word' id='word_1_120' title='bbox 109 2063 264 2154; x_wconf 80' lang='lat' dir='ltr'><strong>quinque</strong></span> <span class='ocrx_word' id='word_1_121' title='bbox 284 2074 467 2128; x_wconf 80' lang='lat' dir='ltr'><strong>senatores</strong></span> <span class='ocrx_word' id='word_1_122' title='bbox 487 2057 544 2128; x_wconf 83' lang='lat' dir='ltr'><strong>ab.</strong></span> <span class='ocrx_word' id='word_1_123' title='bbox 562 2057 652 2128; x_wconf 88' lang='lat' dir='ltr'><strong>urbe</strong></span> <span class='ocrx_word' id='word_1_124' title='bbox 675 2063 795 2129; x_wconf 81' lang='lat' dir='ltr'><strong>Roma</strong></span> <span class='ocrx_word' id='word_1_125' title='bbox 815 2059 991 2130; x_wconf 85' lang='lat' dir='ltr'><strong>abessent.</strong></span> <span class='ocrx_word' id='word_1_126' title='bbox 1013 2063 1055 2129; x_wconf 92' lang='lat' dir='ltr'><strong>In</strong></span> <span class='ocrx_word' id='word_1_127' title='bbox 1077 2084 1174 2130; x_wconf 93' lang='lat' dir='ltr'><strong>com-</strong></span> 
     </span>
     <span class='ocr_line' id='line_1_17' title="bbox 108 2164 1174 2266; baseline 0.004 -32"><span class='ocrx_word' id='word_1_128' title='bbox 108 2165 266 2260; x_wconf 85' lang='lat' dir='ltr'><strong>parando</strong></span> <span class='ocrx_word' id='word_1_129' title='bbox 284 2166 439 2264; x_wconf 88' lang='lat' dir='ltr'><strong>impigre</strong></span> <span class='ocrx_word' id='word_1_130' title='bbox 462 2164 611 2238; x_wconf 89' lang='lat' dir='ltr'><strong>classem</strong></span> <span class='ocrx_word' id='word_1_131' title='bbox 635 2171 675 2238; x_wconf 67' lang='lat' dir='ltr'><strong>C·</strong></span> <span class='ocrx_word' id='word_1_132' title='bbox 699 2169 842 2246; x_wconf 88' lang='lat' dir='ltr'><strong>Livium</strong></span> <span class='ocrx_word' id='word_1_133' title='bbox 862 2185 1055 2266; x_wconf 86' lang='lat' dir='ltr'><strong>praetorem</strong></span> <span class='ocrx_word' id='word_1_134' title='bbox 1083 2193 1174 2240; x_wconf 88' lang='lat' dir='ltr'><strong>con-</strong></span> 
     </span>
     <span class='ocr_line' id='line_1_18' title="bbox 16 2267 1172 2376; baseline 0.008 -35"><span class='ocrx_word' id='word_1_135' title='bbox 16 2267 17 2280; x_wconf 70' lang='grc'>’</span> <span class='ocrx_word' id='word_1_136' title='bbox 107 2267 238 2363; x_wconf 74' lang='lat' dir='ltr'><strong>tentio,</strong></span> <span class='ocrx_word' id='word_1_137' title='bbox 259 2291 339 2346; x_wconf 88' lang='lat' dir='ltr'><strong>orta</strong></span> <span class='ocrx_word' id='word_1_138' title='bbox 356 2302 440 2349; x_wconf 89' lang='lat' dir='ltr'><strong>cum</strong></span> <span class='ocrx_word' id='word_1_139' title='bbox 461 2277 600 2350; x_wconf 87' lang='lat' dir='ltr'><strong>colonis</strong></span> <span class='ocrx_word' id='word_1_140' title='bbox 616 2278 822 2366; x_wconf 87' lang='lat' dir='ltr'><strong>maritimis,</strong></span> <span class='ocrx_word' id='word_1_141' title='bbox 843 2279 1028 2376; x_wconf 88' lang='lat' dir='ltr'><strong>paulisper</strong></span> <span class='ocrx_word' id='word_1_142' title='bbox 1043 2280 1172 2354; x_wconf 91' lang='lat' dir='ltr'><strong>tenuit.</strong></span> 
     </span>
     <span class='ocr_line' id='line_1_19' title="bbox 16 2387 1173 2484; baseline 0.003 -29"><span class='ocrx_word' id='word_1_143' title='bbox 16 2427 17 2430; x_wconf 61' lang='lat'><em>=</em></span> <span class='ocrx_word' id='word_1_144' title='bbox 107 2388 210 2474; x_wconf 88' lang='lat' dir='ltr'><strong>Nam,</strong></span> <span class='ocrx_word' id='word_1_145' title='bbox 230 2412 349 2483; x_wconf 89' lang='lat' dir='ltr'><strong>quum</strong></span> <span class='ocrx_word' id='word_1_146' title='bbox 376 2401 592 2483; x_wconf 88' lang='lat' dir='ltr'><strong>cogerentur</strong></span> <span class='ocrx_word' id='word_1_147' title='bbox 612 2388 651 2458; x_wconf 95' lang='lat' dir='ltr'><strong>in</strong></span> <span class='ocrx_word' id='word_1_148' title='bbox 675 2388 842 2476; x_wconf 88' lang='lat' dir='ltr'><strong>classem,</strong></span> <span class='ocrx_word' id='word_1_149' title='bbox 865 2387 1033 2458; x_wconf 89' lang='lat' dir='ltr'><strong>tribunos</strong></span> <span class='ocrx_word' id='word_1_150' title='bbox 1051 2387 1173 2484; x_wconf 91' lang='lat' dir='ltr'><strong>plebei</strong></span> 
     </span>
     <span class='ocr_line' id='line_1_20' title="bbox 107 2496 1173 2592; baseline 0.003 -29"><span class='ocrx_word' id='word_1_151' title='bbox 107 2496 356 2592; x_wconf 87' lang='lat' dir='ltr'><strong>appellarunt:</strong></span> <span class='ocrx_word' id='word_1_152' title='bbox 378 2496 484 2568; x_wconf 89' lang='lat' dir='ltr'><strong>abiis</strong></span> <span class='ocrx_word' id='word_1_153' title='bbox 503 2497 548 2568; x_wconf 91' lang='lat' dir='ltr'><strong>ad</strong></span> <span class='ocrx_word' id='word_1_154' title='bbox 570 2512 737 2568; x_wconf 90' lang='lat' dir='ltr'><strong>senatum</strong></span> <span class='ocrx_word' id='word_1_155' title='bbox 755 2498 882 2592; x_wconf 85' lang='lat' dir='ltr'><strong>rejecti</strong></span> <span class='ocrx_word' id='word_1_156' title='bbox 900 2512 996 2568; x_wconf 82' lang='lat' dir='ltr'><strong>sunt</strong></span> <span class='ocrx_word' id='word_1_157' title='bbox 1020 2501 1173 2568; x_wconf 88' lang='lat' dir='ltr'><strong>Senatus</strong></span> 
     </span>
     <span class='ocr_line' id='line_1_21' title="bbox 105 2605 1173 2695; baseline 0.003 -22"><span class='ocrx_word' id='word_1_158' title='bbox 105 2606 168 2694; x_wconf 90' lang='lat' dir='ltr'><strong>ita,</strong></span> <span class='ocrx_word' id='word_1_159' title='bbox 185 2623 228 2678; x_wconf 94' lang='lat' dir='ltr'><strong>ut</strong></span> <span class='ocrx_word' id='word_1_160' title='bbox 251 2605 297 2678; x_wconf 85' lang='lat' dir='ltr'><strong>ad</strong></span> <span class='ocrx_word' id='word_1_161' title='bbox 312 2631 428 2678; x_wconf 88' lang='lat' dir='ltr'><strong>unum</strong></span> <span class='ocrx_word' id='word_1_162' title='bbox 446 2631 574 2680; x_wconf 85' lang='lat' dir='ltr'><strong>ornnes</strong></span> <span class='ocrx_word' id='word_1_163' title='bbox 590 2607 858 2692; x_wconf 84' lang='lat' dir='ltr'><strong>consentirent,</strong></span> <span class='ocrx_word' id='word_1_164' title='bbox 879 2607 1056 2695; x_wconf 87' lang='lat' dir='ltr'><strong>decrevit,</strong></span> <span class='ocrx_word' id='word_1_165' title='bbox 1073 2630 1173 2676; x_wconf 89' lang='lat' dir='ltr'><strong>vaca-</strong></span> 
     </span>
     <span class='ocr_line' id='line_1_22' title="bbox 104 2714 1173 2788; baseline 0.006 -8"><span class='ocrx_word' id='word_1_166' title='bbox 104 2714 237 2786; x_wconf 83' lang='lat' dir='ltr'><strong>tionem</strong></span> <span class='ocrx_word' id='word_1_167' title='bbox 259 2717 312 2785; x_wconf 91' lang='lat' dir='ltr'><strong>rei</strong></span> <span class='ocrx_word' id='word_1_168' title='bbox 330 2715 465 2786; x_wconf 88' lang='lat' dir='ltr'><strong>navalis</strong></span> <span class='ocrx_word' id='word_1_169' title='bbox 475 2715 531 2784; x_wconf 92' lang='lat' dir='ltr'><strong>his</strong></span> <span class='ocrx_word' id='word_1_170' title='bbox 541 2715 681 2786; x_wconf 91' lang='lat' dir='ltr'><strong>colonis</strong></span> <span class='ocrx_word' id='word_1_171' title='bbox 701 2741 778 2788; x_wconf 92' lang='lat' dir='ltr'><strong>non</strong></span> <span class='ocrx_word' id='word_1_172' title='bbox 794 2726 906 2787; x_wconf 82' lang='lat' dir='ltr'><strong>esse².</strong></span> <span class='ocrx_word' id='word_1_173' title='bbox 924 2717 1025 2787; x_wconf 90' lang='lat' dir='ltr'><strong>Ostia</strong></span> <span class='ocrx_word' id='word_1_174' title='bbox 1042 2731 1079 2786; x_wconf 91' lang='lat' dir='ltr'><strong>et</strong></span> <span class='ocrx_word' id='word_1_175' title='bbox 1093 2722 1173 2786; x_wconf 90' lang='lat' dir='ltr'><strong>Fre·</strong></span> 
     </span>
     <span class='ocr_line' id='line_1_23' title="bbox 104 2825 1173 2920; baseline -0.001 -26"><span class='ocrx_word' id='word_1_176' title='bbox 104 2847 198 2918; x_wconf 86' lang='lat' dir='ltr'><strong>genae</strong></span> <span class='ocrx_word' id='word_1_177' title='bbox 217 2839 259 2896; x_wconf 87' lang='lat' dir='ltr'><strong>et</strong></span> <span class='ocrx_word' id='word_1_178' title='bbox 277 2827 444 2896; x_wconf 87' lang='lat' dir='ltr'><strong>Castrum</strong></span> <span class='ocrx_word' id='word_1_179' title='bbox 464 2847 599 2894; x_wconf 76' lang='lat' dir='ltr'><strong>norum</strong></span> <span class='ocrx_word' id='word_1_180' title='bbox 623 2837 659 2894; x_wconf 91' lang='lat' dir='ltr'><strong>et</strong></span> <span class='ocrx_word' id='word_1_181' title='bbox 679 2825 782 2920; x_wconf 84' lang='lat' dir='ltr'><strong>Pyrgi</strong></span> <span class='ocrx_word' id='word_1_182' title='bbox 808 2839 843 2894; x_wconf 94' lang='lat' dir='ltr'><strong>et</strong></span> <span class='ocrx_word' id='word_1_183' title='bbox 864 2826 1012 2894; x_wconf 84' lang='lat' dir='ltr'><strong>Antium</strong></span> <span class='ocrx_word' id='word_1_184' title='bbox 1031 2839 1067 2893; x_wconf 91' lang='lat' dir='ltr'><strong>et</strong></span> <span class='ocrx_word' id='word_1_185' title='bbox 1088 2829 1173 2893; x_wconf 91' lang='lat' dir='ltr'><strong>Tar-</strong></span> 
     </span>
     <span class='ocr_line' id='line_1_24' title="bbox 104 2921 1174 3029; baseline -0.007 -21"><span class='ocrx_word' id='word_1_186' title='bbox 104 2937 221 3008; x_wconf 81' lang='lat' dir='ltr'><strong>racina</strong></span> <span class='ocrx_word' id='word_1_187' title='bbox 242 2949 282 3005; x_wconf 91' lang='lat' dir='ltr'><strong>et</strong></span> <span class='ocrx_word' id='word_1_188' title='bbox 306 2937 499 3006; x_wconf 87' lang='lat' dir='ltr'><strong>Minturnae</strong></span> <span class='ocrx_word' id='word_1_189' title='bbox 526 2947 563 3004; x_wconf 90' lang='lat' dir='ltr'><strong>et</strong></span> <span class='ocrx_word' id='word_1_190' title='bbox 591 2935 759 3004; x_wconf 88' lang='lat' dir='ltr'><strong>Sinuessa</strong></span> <span class='ocrx_word' id='word_1_191' title='bbox 788 2932 958 3019; x_wconf 87' lang='lat' dir='ltr'><strong>suerunt,</strong></span> <span class='ocrx_word' id='word_1_192' title='bbox 983 2957 1064 3029; x_wconf 83' lang='lat' dir='ltr'><strong>qua·</strong></span> <span class='ocrx_word' id='word_1_193' title='bbox 1089 2921 1174 3004; x_wconf 84' lang='lat' dir='ltr'><strong>cum</strong></span> 
     </span>
     <span class='ocr_line' id='line_1_25' title="bbox 104 3041 1173 3140; baseline -0.003 -26"><span class='ocrx_word' id='word_1_194' title='bbox 104 3061 257 3140; x_wconf 88' lang='lat' dir='ltr'><strong>praetore</strong></span> <span class='ocrx_word' id='word_1_195' title='bbox 292 3044 338 3114; x_wconf 90' lang='lat' dir='ltr'><strong>de</strong></span> <span class='ocrx_word' id='word_1_196' title='bbox 368 3044 555 3114; x_wconf 88' lang='lat' dir='ltr'><strong>vacatione</strong></span> <span class='ocrx_word' id='word_1_197' title='bbox 591 3056 830 3138; x_wconf 84' lang='lat' dir='ltr'><strong>certaverunt.</strong></span> <span class='ocrx_word' id='word_1_198' title='bbox 867 3042 1005 3111; x_wconf 92' lang='lat' dir='ltr'><strong>Consul</strong></span> <span class='ocrx_word' id='word_1_199' title='bbox 1041 3041 1173 3112; x_wconf 87' lang='lat' dir='ltr'><strong>‹leimle</strong></span> 
     </span>
     <span class='ocr_line' id='line_1_26' title="bbox 104 3147 1175 3246; baseline -0.007 -20"><span class='ocrx_word' id='word_1_200' title='bbox 104 3155 156 3226; x_wconf 87' lang='lat' dir='ltr'><strong>M&#39;.</strong></span> <span class='ocrx_word' id='word_1_201' title='bbox 174 3154 316 3228; x_wconf 87' lang='lat' dir='ltr'><strong>Acilius</strong></span> <span class='ocrx_word' id='word_1_202' title='bbox 333 3179 378 3226; x_wconf 79' lang='lat' dir='ltr'><strong>ex</strong></span> <span class='ocrx_word' id='word_1_203' title='bbox 392 3153 708 3226; x_wconf 89' lang='lat' dir='ltr'><strong>senatusconsulto</strong></span> <span class='ocrx_word' id='word_1_204' title='bbox 726 3148 771 3220; x_wconf 90' lang='lat' dir='ltr'><strong>ad</strong></span> <span class='ocrx_word' id='word_1_205' title='bbox 790 3149 982 3246; x_wconf 89' lang='lat' dir='ltr'><strong>collegium</strong></span> <span class='ocrx_word' id='word_1_206' title='bbox 999 3147 1175 3220; x_wconf 80' lang='lat' dir='ltr'><strong>fetialium</strong></span> 
     </span>
     <span class='ocr_line' id='line_1_27' title="bbox 16 3259 1263 3366; baseline 0 -34"><span class='ocrx_word' id='word_1_207' title='bbox 16 3297 17 3312; x_wconf 28' lang='grc' dir='ltr'><strong>κ</strong></span> <span class='ocrx_word' id='word_1_208' title='bbox 105 3267 253 3337; x_wconf 83' lang='lat' dir='ltr'><strong>retulit:</strong></span> <span class='ocrx_word' id='word_1_209' title='bbox 277 3271 400 3366; x_wconf 85' lang='lat' dir='ltr'><strong>Ipsine</strong></span> <span class='ocrx_word' id='word_1_210' title='bbox 419 3269 543 3360; x_wconf 88' lang='lat' dir='ltr'><strong>utique</strong></span> <span class='ocrx_word' id='word_1_211' title='bbox 561 3270 639 3358; x_wconf 86' lang='lat' dir='ltr'><strong>regi</strong></span> <span class='ocrx_word' id='word_1_212' title='bbox 657 3261 840 3332; x_wconf 77' lang='lat' dir='ltr'><strong>Antiocho</strong></span> <span class='ocrx_word' id='word_1_213' title='bbox 866 3261 1082 3330; x_wconf 85' lang='lat' dir='ltr'><strong>indiceretur</strong></span> <span class='ocrx_word' id='word_1_214' title='bbox 1099 3259 1175 3332; x_wconf 81' lang='lat' dir='ltr'><strong>bet·</strong></span> <span class='ocrx_word' id='word_1_215' title='bbox 1261 3269 1263 3286; x_wconf 93' lang='lat'>&#39;</span> 
     </span>
    </p>
   </div>
   <div class='ocr_carea' id='block_1_3' title="bbox 104 3481 1175 3708">
    <p class='ocr_par' dir='ltr' id='par_1_5' title="bbox 104 3481 1175 3708">
     <span class='ocr_line' id='line_1_28' title="bbox 104 3481 1175 3548; baseline -0.003 -17"><span class='ocrx_word' id='word_1_216' title='bbox 104 3484 170 3536; x_wconf 75' lang='lat' dir='ltr'><strong>lutus</strong></span> <span class='ocrx_word' id='word_1_217' title='bbox 183 3487 252 3534; x_wconf 86' lang='lat' dir='ltr'><strong>ultra</strong></span> <span class='ocrx_word' id='word_1_218' title='bbox 271 3485 395 3540; x_wconf 82' lang='lat' dir='ltr'><strong>debitum,</strong></span> <span class='ocrx_word' id='word_1_219' title='bbox 412 3484 465 3548; x_wconf 86' lang='lat' dir='ltr'><strong>rapi</strong></span> <span class='ocrx_word' id='word_1_220' title='bbox 484 3495 507 3530; x_wconf 88' lang='lat' dir='ltr'><strong>et</strong></span> <span class='ocrx_word' id='word_1_221' title='bbox 527 3481 616 3531; x_wconf 86' lang='lat' dir='ltr'><strong>auferri</strong></span> <span class='ocrx_word' id='word_1_222' title='bbox 660 3483 787 3538; x_wconf 85' lang='lat' dir='ltr'><strong>abessent,·</strong></span> <span class='ocrx_word' id='word_1_223' title='bbox 797 3483 864 3529; x_wconf 84' lang='lat' dir='ltr'><strong>conf.</strong></span> <span class='ocrx_word' id='word_1_224' title='bbox 874 3481 906 3528; x_wconf 83' lang='lat' dir='ltr'><strong>ad</strong></span> <span class='ocrx_word' id='word_1_225' title='bbox 914 3481 1008 3540; x_wconf 82' lang='lat' dir='ltr'><strong>XLIII,</strong></span> <span class='ocrx_word' id='word_1_226' title='bbox 1022 3497 1066 3539; x_wconf 85' lang='lat'><strong>11,</strong></span> <span class='ocrx_word' id='word_1_227' title='bbox 1076 3497 1101 3528; x_wconf 89' lang='lat' dir='ltr'><strong>n.</strong></span> <span class='ocrx_word' id='word_1_228' title='bbox 1114 3483 1175 3530; x_wconf 76' lang='lat'>3..-</span> 
     </span>
     <span class='ocr_line' id='line_1_29' title="bbox 104 3558 1174 3627; baseline -0.001 -17"><span class='ocrx_word' id='word_1_229' title='bbox 104 3578 237 3627; x_wconf 88' lang='lat' dir='ltr'><strong>putaretur.</strong></span> <span class='ocrx_word' id='word_1_230' title='bbox 255 3565 301 3613; x_wconf 86' lang='lat' dir='ltr'><strong>Eu.</strong></span> <span class='ocrx_word' id='word_1_231' title='bbox 315 3590 350 3599; x_wconf 88' lang='lat'><strong>—</strong></span> <span class='ocrx_word' id='word_1_232' title='bbox 363 3565 426 3610; x_wconf 85' lang='lat' dir='ltr'><strong>Mox</strong></span> <span class='ocrx_word' id='word_1_233' title='bbox 444 3578 491 3627; x_wconf 85' lang='lat' dir='ltr'><strong>pro</strong></span> <span class='ocrx_word' id='word_1_234' title='bbox 507 3562 535 3610; x_wconf 75' lang='lat' dir='ltr'><strong>id</strong></span> <span class='ocrx_word' id='word_1_235' title='bbox 552 3562 616 3610; x_wconf 82' lang='lat' dir='ltr'><strong>forte</strong></span> <span class='ocrx_word' id='word_1_236' title='bbox 661 3563 691 3608; x_wconf 85' lang='lat' dir='ltr'><strong>In</strong></span> <span class='ocrx_word' id='word_1_237' title='bbox 700 3560 868 3624; x_wconf 83' lang='lat' dir='ltr'><strong>comparando</strong></span> <span class='ocrx_word' id='word_1_238' title='bbox 883 3558 984 3623; x_wconf 82' lang='lat' dir='ltr'><strong>impigre</strong></span> <span class='ocrx_word' id='word_1_239' title='bbox 991 3559 1093 3606; x_wconf 81' lang='lat' dir='ltr'><strong>classem</strong></span> <span class='ocrx_word' id='word_1_240' title='bbox 1102 3561 1174 3609; x_wconf 86' lang='lat' dir='ltr'>MSS.</span> 
     </span>
     <span class='ocr_line' id='line_1_30' title="bbox 105 3635 1175 3708; baseline -0.005 -19"><span class='ocrx_word' id='word_1_241' title='bbox 105 3643 146 3708; x_wconf 82' lang='lat' dir='ltr'><strong>leg.</strong></span> <span class='ocrx_word' id='word_1_242' title='bbox 156 3656 192 3700; x_wconf 80' lang='lat' dir='ltr'><strong>et,</strong></span> <span class='ocrx_word' id='word_1_243' title='bbox 202 3644 245 3692; x_wconf 89' lang='lat' dir='ltr'><strong>vel</strong></span> <span class='ocrx_word' id='word_1_244' title='bbox 254 3655 278 3690; x_wconf 87' lang='lat' dir='ltr'><strong>et</strong></span> <span class='ocrx_word' id='word_1_245' title='bbox 291 3643 326 3690; x_wconf 84' lang='lat' dir='ltr'><strong>id.</strong></span> <span class='ocrx_word' id='word_1_246' title='bbox 662 3642 691 3686; x_wconf 85' lang='lat' dir='ltr'><strong>In</strong></span> <span class='ocrx_word' id='word_1_247' title='bbox 701 3638 871 3702; x_wconf 79' lang='lat' dir='ltr'><strong>comparanda</strong></span> <span class='ocrx_word' id='word_1_248' title='bbox 882 3637 898 3683; x_wconf 85' lang='lat' dir='ltr'><strong>i.</strong></span> <span class='ocrx_word' id='word_1_249' title='bbox 909 3637 986 3684; x_wconf 82' lang='lat' dir='ltr'><strong>classe</strong></span> <span class='ocrx_word' id='word_1_250' title='bbox 995 3635 1106 3698; x_wconf 72' lang='lat' dir='ltr'><strong>quedam</strong></span> <span class='ocrx_word' id='word_1_251' title='bbox 1119 3637 1175 3686; x_wconf 85' lang='lat' dir='ltr'><strong>edd.</strong></span> 
     </span>
    </p>
   </div>
   <div class='ocr_carea' id='block_1_4' title="bbox 104 3715 1177 3862">
    <p class='ocr_par' dir='ltr' id='par_1_6' title="bbox 104 3715 1177 3862">
     <span class='ocr_line' id='line_1_31' title="bbox 136 3715 1030 3776; baseline -0.009 -6"><span class='ocrx_word' id='word_1_252' title='bbox 136 3726 160 3772; x_wconf 85' lang='grc'><strong>8.</strong></span> <span class='ocrx_word' id='word_1_253' title='bbox 175 3723 263 3770; x_wconf 86' lang='lat' dir='ltr'><strong>Socios</strong></span> <span class='ocrx_word' id='word_1_254' title='bbox 283 3721 382 3768; x_wconf 81' lang='lat' dir='ltr'><strong>navales</strong></span> <span class='ocrx_word' id='word_1_255' title='bbox 401 3720 543 3776; x_wconf 83' lang='lat' dir='ltr'><strong>libertinos‚·</strong></span> <span class='ocrx_word' id='word_1_256' title='bbox 560 3719 617 3766; x_wconf 88' lang='lat' dir='ltr'><strong>vide</strong></span> <span class='ocrx_word' id='word_1_257' title='bbox 662 3719 735 3768; x_wconf 86' lang='lat' dir='ltr'><strong>Conf.</strong></span> <span class='ocrx_word' id='word_1_258' title='bbox 745 3717 777 3764; x_wconf 83' lang='lat' dir='ltr'><strong>ad</strong></span> <span class='ocrx_word' id='word_1_259' title='bbox 788 3719 898 3774; x_wconf 75' lang='lat' dir='ltr'><strong>XXXV,</strong></span> <span class='ocrx_word' id='word_1_260' title='bbox 910 3715 942 3770; x_wconf 75' lang='lat'><strong>45</strong></span> <span class='ocrx_word' id='word_1_261' title='bbox 949 3748 956 3771; x_wconf 87' lang='lat'><strong>,</strong></span> <span class='ocrx_word' id='word_1_262' title='bbox 967 3731 992 3761; x_wconf 87' lang='lat' dir='ltr'><strong>n.</strong></span> <span class='ocrx_word' id='word_1_263' title='bbox 1004 3730 1030 3762; x_wconf 82' lang='lat' dir='ltr'><strong>a.</strong></span> 
     </span>
     <span class='ocr_line' id='line_1_32' title="bbox 104 3793 1177 3862; baseline -0.004 -14"><span class='ocrx_word' id='word_1_264' title='bbox 104 3801 133 3848; x_wconf 84' lang='lat' dir='ltr'><strong>ad</strong></span> <span class='ocrx_word' id='word_1_265' title='bbox 145 3805 200 3862; x_wconf 83' lang='lat' dir='ltr'><strong>IX,</strong></span> <span class='ocrx_word' id='word_1_266' title='bbox 212 3804 262 3858; x_wconf 82' lang='lat'><strong>38,</strong></span> <span class='ocrx_word' id='word_1_267' title='bbox 272 3818 297 3847; x_wconf 89' lang='lat' dir='ltr'><strong>n.</strong></span> <span class='ocrx_word' id='word_1_268' title='bbox 312 3816 333 3846; x_wconf 87' lang='grc' dir='ltr'><strong>ι.</strong></span> <span class='ocrx_word' id='word_1_269' title='bbox 698 3813 723 3844; x_wconf 80' lang='lat'><strong>2.</strong></span> <span class='ocrx_word' id='word_1_270' title='bbox 739 3794 900 3842; x_wconf 78' lang='lat' dir='ltr'><strong>Vacationem</strong></span> <span class='ocrx_word' id='word_1_271' title='bbox 911 3793 947 3840; x_wconf 83' lang='lat' dir='ltr'><strong>rei</strong></span> <span class='ocrx_word' id='word_1_272' title='bbox 957 3793 1051 3841; x_wconf 82' lang='lat' dir='ltr'><strong>navalis</strong></span> <span class='ocrx_word' id='word_1_273' title='bbox 1062 3794 1099 3842; x_wconf 77' lang='lat' dir='ltr'><strong>tis</strong></span> <span class='ocrx_word' id='word_1_274' title='bbox 1112 3797 1177 3844; x_wconf 78' lang='lat' dir='ltr'><strong>eolo·</strong></span> 
     </span>
    </p>
   </div>
   <div class='ocr_carea' id='block_1_5' title="bbox 106 3871 1177 4180">
    <p class='ocr_par' dir='ltr' id='par_1_7' title="bbox 106 3871 1177 4180">
     <span class='ocr_line' id='line_1_33' title="bbox 136 3871 1175 3940; baseline -0.007 -11"><span class='ocrx_word' id='word_1_275' title='bbox 136 3882 198 3930; x_wconf 66' lang='lat' dir='ltr'><strong>Cur.</strong></span> <span class='ocrx_word' id='word_1_276' title='bbox 210 3883 258 3928; x_wconf 89' lang='lat'><em>111.</em></span> <span class='ocrx_word' id='word_1_277' title='bbox 274 3895 294 3927; x_wconf 87' lang='lat'><strong>1.</strong></span> <span class='ocrx_word' id='word_1_278' title='bbox 304 3878 379 3940; x_wconf 84' lang='lat' dir='ltr'><strong>Quis.</strong></span> <span class='ocrx_word' id='word_1_279' title='bbox 393 3887 476 3933; x_wconf 85' lang='lat' dir='ltr'><strong>essent,</strong></span> <span class='ocrx_word' id='word_1_280' title='bbox 486 3875 618 3940; x_wconf 81' lang='lat' dir='ltr'><strong>quibusque</strong></span> <span class='ocrx_word' id='word_1_281' title='bbox 663 3874 700 3922; x_wconf 86' lang='lat' dir='ltr'><strong>nis</strong></span> <span class='ocrx_word' id='word_1_282' title='bbox 710 3889 759 3920; x_wconf 86' lang='lat' dir='ltr'><strong>nou</strong></span> <span class='ocrx_word' id='word_1_283' title='bbox 767 3889 832 3929; x_wconf 85' lang='lat' dir='ltr'><strong>esse;</strong></span> <span class='ocrx_word' id='word_1_284' title='bbox 839 3873 896 3921; x_wconf 87' lang='lat' dir='ltr'><strong>vide</strong></span> <span class='ocrx_word' id='word_1_285' title='bbox 904 3871 937 3920; x_wconf 86' lang='lat' dir='ltr'><strong>ad</strong></span> <span class='ocrx_word' id='word_1_286' title='bbox 945 3873 1046 3922; x_wconf 80' lang='lat' dir='ltr'><strong>XXVII</strong></span> <span class='ocrx_word' id='word_1_287' title='bbox 1053 3909 1060 3932; x_wconf 96' lang='lat'><strong>,</strong></span> <span class='ocrx_word' id='word_1_288' title='bbox 1068 3874 1114 3932; x_wconf 81' lang='lat'><strong>38,</strong></span> <span class='ocrx_word' id='word_1_289' title='bbox 1124 3891 1149 3922; x_wconf 89' lang='lat' dir='ltr'><strong>n.</strong></span> <span class='ocrx_word' id='word_1_290' title='bbox 1161 3891 1175 3922; x_wconf 82' lang='lat' dir='ltr'><strong>a</strong></span> 
     </span>
     <span class='ocr_line' id='line_1_34' title="bbox 106 3950 1177 4018; baseline -0.007 -14"><span class='ocrx_word' id='word_1_291' title='bbox 106 3959 128 4004; x_wconf 84' lang='lat' dir='ltr'><strong>ia</strong></span> <span class='ocrx_word' id='word_1_292' title='bbox 144 3971 233 4007; x_wconf 78' lang='lat' dir='ltr'><strong>serrata</strong></span> <span class='ocrx_word' id='word_1_293' title='bbox 254 3956 399 4006; x_wconf 81' lang='lat' dir='ltr'><strong>sententiam</strong></span> <span class='ocrx_word' id='word_1_294' title='bbox 419 3956 499 4004; x_wconf 87' lang='lat' dir='ltr'><strong>dicere</strong></span> <span class='ocrx_word' id='word_1_295' title='bbox 517 3955 618 4010; x_wconf 73' lang='lat' dir='ltr'><strong>liceret3</strong></span> <span class='ocrx_word' id='word_1_296' title='bbox 664 3965 689 4002; x_wconf 83' lang='lat' dir='ltr'><strong>et</strong></span> <span class='ocrx_word' id='word_1_297' title='bbox 700 3955 723 4003; x_wconf 81' lang='lat'><strong>3.</strong></span> <span class='ocrx_word' id='word_1_298' title='bbox 739 3979 773 3990; x_wconf 92' lang='lat'>-</span> <span class='ocrx_word' id='word_1_299' title='bbox 787 3951 831 3999; x_wconf 82' lang='lat' dir='ltr'><strong>Ad</strong></span> <span class='ocrx_word' id='word_1_300' title='bbox 840 3951 967 4018; x_wconf 82' lang='lat' dir='ltr'><strong>collegium</strong></span> <span class='ocrx_word' id='word_1_301' title='bbox 971 3950 1100 4015; x_wconf 81' lang='lat' dir='ltr'><strong>fetialium</strong></span> <span class='ocrx_word' id='word_1_302' title='bbox 1113 3964 1177 3998; x_wconf 81' lang='lat' dir='ltr'><strong>retu-</strong></span> 
     </span>
     <span class='ocr_line' id='line_1_35' title="bbox 107 4031 1175 4098; baseline -0.004 -18"><span class='ocrx_word' id='word_1_303' title='bbox 107 4037 204 4086; x_wconf 80' lang='lat' dir='ltr'><strong>videad</strong></span> <span class='ocrx_word' id='word_1_304' title='bbox 216 4039 311 4092; x_wconf 87' lang='lat' dir='ltr'><strong>XXII,</strong></span> <span class='ocrx_word' id='word_1_305' title='bbox 324 4043 371 4098; x_wconf 73' lang='lat'><strong>49,</strong></span> <span class='ocrx_word' id='word_1_306' title='bbox 385 4053 410 4083; x_wconf 87' lang='lat' dir='ltr'><strong>n.</strong></span> <span class='ocrx_word' id='word_1_307' title='bbox 428 4032 618 4097; x_wconf 82' lang='lat' dir='ltr'><strong>13.--Nequis</strong></span> <span class='ocrx_word' id='word_1_308' title='bbox 666 4033 706 4090; x_wconf 86' lang='lat' dir='ltr'><strong>lit,</strong></span> <span class='ocrx_word' id='word_1_309' title='bbox 719 4043 766 4080; x_wconf 90' lang='lat' dir='ltr'><strong>ete.</strong></span> <span class='ocrx_word' id='word_1_310' title='bbox 778 4031 834 4078; x_wconf 85' lang='lat' dir='ltr'><strong>vide</strong></span> <span class='ocrx_word' id='word_1_311' title='bbox 853 4031 884 4082; x_wconf 85' lang='lat' dir='ltr'><strong>ad</strong></span> <span class='ocrx_word' id='word_1_312' title='bbox 900 4033 928 4090; x_wconf 87' lang='lat'><strong>1,</strong></span> <span class='ocrx_word' id='word_1_313' title='bbox 945 4040 992 4088; x_wconf 77' lang='lat' dir='ltr'><strong>at,</strong></span> <span class='ocrx_word' id='word_1_314' title='bbox 1007 4031 1071 4086; x_wconf 82' lang='lat' dir='ltr'><strong>n.5,</strong></span> <span class='ocrx_word' id='word_1_315' title='bbox 1088 4041 1112 4077; x_wconf 89' lang='lat' dir='ltr'><strong>et</strong></span> <span class='ocrx_word' id='word_1_316' title='bbox 1125 4031 1175 4085; x_wconf 83' lang='lat' dir='ltr'><strong>tx.</strong></span> 
     </span>
     <span class='ocr_line' id='line_1_36' title="bbox 107 4099 839 4180; baseline 0.001 -20"><span class='ocrx_word' id='word_1_317' title='bbox 107 4132 186 4164; x_wconf 81' lang='lat' dir='ltr'><strong>eorum</strong></span> <span class='ocrx_word' id='word_1_318' title='bbox 198 4115 297 4180; x_wconf 83' lang='lat' dir='ltr'><strong>longius</strong></span> <span class='ocrx_word' id='word_1_319' title='bbox 310 4115 342 4162; x_wconf 80' lang='lat' dir='ltr'><strong>ab</strong></span> <span class='ocrx_word' id='word_1_320' title='bbox 355 4099 412 4160; x_wconf 79' lang='lat' dir='ltr'><strong>urbe</strong></span> <span class='ocrx_word' id='word_1_321' title='bbox 425 4116 501 4160; x_wconf 81' lang='lat' dir='ltr'><strong>Roma</strong></span> <span class='ocrx_word' id='word_1_322' title='bbox 515 4113 619 4160; x_wconf 81' lang='lat' dir='ltr'><strong>abiret...</strong></span> <span class='ocrx_word' id='word_1_323' title='bbox 666 4127 694 4173; x_wconf 85' lang='lat'><strong>9,</strong></span> <span class='ocrx_word' id='word_1_324' title='bbox 707 4128 731 4159; x_wconf 88' lang='lat' dir='ltr'><strong>n.</strong></span> <span class='ocrx_word' id='word_1_325' title='bbox 745 4127 769 4158; x_wconf 82' lang='lat' dir='ltr'><strong>tt.</strong></span> <span class='ocrx_word' id='word_1_326' title='bbox 832 4153 839 4161; x_wconf 84' lang='grc'><strong><em>,</em></strong></span> 
     </span>
    </p>
   </div>
   <div class='ocr_carea' id='block_1_6' title="bbox 0 0 1428 4958">
    <p class='ocr_par' dir='ltr' id='par_1_8' title="bbox 0 0 1428 4958">
     <span class='ocr_line' id='line_1_37' title="bbox 0 0 1428 4958; baseline 0 0"><span class='ocrx_word' id='word_1_327' title='bbox 0 0 1428 4958; x_wconf 95' lang='lat' dir='ltr'><strong> </strong></span> 
     </span>
    </p>
   </div>
  </div>
 </body>
</html>
