2848 4958
126 409 239 518 ὒῑὲςξὲζς
335 435 486 502 Liuuu
518 437 694 512 xxxvi.
726 437 827 506 cir.
849 440 934 506 vu.
1113 441 1154 510 13

104 554 178 638 «Si,
196 579 239 624 ex
258 553 331 652 quo
350 555 556 649 trajecimus
573 557 611 625 iu
630 557 820 642 Graeciam,
841 555 1024 630 adhibitus
1039 583 1154 632 essem

102 662 377 752 «inconsutam,
391 689 506 760 quum
517 665 563 735 de
573 665 725 749 Euboea,
737 667 780 736 «le
794 665 948 756 Achaeis‚
964 667 1009 738 de
1019 673 1155 742 Boeotia

101 771 309 868 «agebatur,
330 773 495 846 eamdem
516 777 731 846 seutentiam
750 776 942 866 dixissem,
963 803 1072 875 quam
1091 781 1157 851 ho·

100 881 195 973 «die,
214 909 329 982 quum
347 885 393 956 de
414 885 590 956 Thessalis
608 889 743 984 egitur,
767 886 894 958 dicam.
917 894 1011 961 Ante
1035 893 1156 962 omniu

99 993 321 1093 «Philippum
347 1010 384 1066 et
407 995 623 1067 Macedonas
649 999 686 1068 iu
717 998 925 1068 societatem
953 998 1041 1070 helii
1064 1025 1155 1097 qua·

99 1133 112 1165 «
124 1129 275 1202 cumque
292 1107 433 1177 ratione
448 1129 578 1178 censeo
598 1106 832 1178 deducendos
846 1133 934 1178 esse.
948 1112 1040 1178 Nam
1054 1111 1156 1207 quod

98 1215 162 1284 «ad
183 1216 361 1290 Euboeam
387 1221 607 1316 Boeptosque
636 1231 671 1287 et
698 1217 886 1288 Thessalos
915 1219 1063 1305 attinet,
1096 1223 1155 1290 cui

97 1323 270 1394 «dubium
292 1341 366 1412 est,
390 1328 499 1422 quin,
521 1342 563 1396 ut
584 1326 718 1422 quibus
742 1326 849 1397 uuliae
867 1351 938 1396 suae-
955 1329 1049 1400 vires
1064 1331 1154 1412 siut,

99 1464 111 1495 «
122 1434 355 1529 praesentibus
370 1435 551 1506 adulando
567 1458 727 1533 semper,
743 1459 851 1531 quem
867 1450 1004 1506 metum
1019 1439 1057 1508 iu
1070 1463 1154 1510 cou-

97 1575 110 1607 «
121 1546 191 1614 silio
211 1544 390 1632 habeant,
410 1546 539 1616 eodem
554 1546 598 1615 ed
615 1547 880 1643 impetrandam
895 1548 1037 1616 veniam
1054 1563 1156 1619 utan-

98 1657 197 1725 «turi
224 1657 334 1728 simul
356 1681 396 1726 uc
416 1667 634 1726 romanum²
662 1657 860 1728 exercitum
884 1659 921 1725 iu
943 1659 1079 1728 Graecia
1101 1661 1153 1728 vi·

97 1763 257 1852 «derint,
280 1766 326 1836 ad
351 1781 565 1838 consuetum
596 1769 787 1864 imperium
814 1789 852 1836 se
876 1770 1065 1838 avertunt?
1086 1793 1154 1838 nec

95 1901 108 1934 «
120 1874 156 1942 iis
178 1901 286 1945 noxae
309 1874 474 1946 futurum
498 1878 563 1961 sit,
586 1876 706 1972 quod,
724 1901 837 1972 quum
857 1879 1010 1946 Romani
1026 1879 1153 1974 procui

96 1983 301 2074 «abessent,
321 1989 395 2056 vim
419 1997 519 2056 tuam
540 1988 726 2084 praeseutis
747 1989 998 2083 exercitusque
1021 1989 1074 2058 tui
1096 2014 1154 2058 ex·
1209 1997 1219 2018 ¹

95 2098 222 2190 «periri
240 2098 454 2168 noluerint?
471 2100 618 2186 Quanto
633 2098 744 2194 igitur
757 2099 856 2193 prius
872 2099 1066 2193 potiusque
1081 2115 1152 2182 est,

95 2203 320 2303 «Philippum
340 2206 444 2276 hobis
461 2207 699 2301 conjungere,
722 2231 831 2303 quam
851 2206 941 2277 hos?
961 2209 1037 2294 cui,
1053 2209 1081 2278 si
1096 2231 1152 2278 se-

92 2341 104 2373 «
117 2315 230 2384 melin
241 2340 389 2385 causam
400 2312 661 2403 descenderit³‚
675 2309 765 2384 nihii
775 2317 907 2410 integri
919 2314 1084 2388 futurum
1095 2319 1151 2405 sit,

93 2426 255 2520 «quique
279 2448 338 2495 eas
363 2427 457 2495 vires
475 2423 620 2511 afferet,
637 2447 718 2522 quae
739 2452 815 2495 uon
834 2431 989 2498 accessio
1011 2443 1152 2498 tantum

92 2531 158 2600 «ud
182 2557 377 2603 romanum
403 2557 480 2604 esse
503 2533 662 2619 bellum,
685 2536 748 2606 sed
774 2561 840 2632 per
866 2560 904 2606 se
923 2538 1013 2632 ,ipsae
1034 2563 1153 2635 nuper

91 2669 103 2700 «
115 2643 289 2714 sustinere
305 2645 491 2740 potuerint
503 2649 695 2718 Romanos.
712 2650 789 2715 Hoc
805 2670 872 2741 ego
886 2645 1057 2740 adjuncto
1072 2648 1153 2746 (ah-

91 2753 155 2820 «sit
170 2752 286 2823 verbo
308 2753 488 2848 invidiae)
505 2756 570 2851 qui
589 2754 755 2826 dubitare
776 2755 822 2824 de
842 2769 974 2826 eventu
993 2760 1152 2856 possim?

92 2887 247 2957 «quum,
277 2863 413 2960 quibus
445 2864 614 2935 adversus
641 2865 850 2963 Philippum
876 2867 1054 2938 valuerint
1078 2873 1152 2970 Ro-

92 2975 229 3060 «mani,
256 2975 300 3042 iis
330 2997 428 3044 nunc
457 2972 534 3044 fore
561 2973 698 3044 videam
724 2989 764 3044 ut
787 2976 857 3071 ipsi
878 2994 1150 3072 oppugnentur.

91 3219 155 3266 nuk.
164 3221 238 3268 Conf.
253 3220 286 3267 ad
300 3222 353 3277 111,
366 3220 413 3279 63,
426 3237 452 3270 n.
463 3237 486 3268 1.
496 3221 595 3268 -Οοη-
640 3222 681 3269 Sic
698 3220 864 3268 dissentientes
882 3221 907 3266 iu
920 3233 1021 3268 cararum
1034 3223 1152 3270 deducere

91 3311 123 3342 seo
132 3298 295 3349 deducendos.
305 3301 432 3347 Creverius
440 3300 544 3347 libenter
553 3301 595 3346 de·
639 3301 722 3356 XLII,
743 3302 785 3346 38.
806 3325 841 3336 -
858 3299 929 3347 Nihil
945 3299 1033 3365 integri
1041 3301 1094 3366 siet.
1111 3303 1151 3352 sit.

90 3372 140 3424 leret
156 3378 262 3425 verbum
277 3393 377 3434 censeo,
392 3379 449 3440 quia
466 3379 543 3442 magis
558 3379 595 3424 vi·
639 3384 728 3426 Sensus
746 3391 797 3427 est:
810 3378 869 3442 qui,
885 3380 906 3426 si
929 3381 1002 3426 semel
1020 3382 1149 3429 nobiseum

91 3451 152 3502 detur
160 3459 212 3504 fore
224 3458 369 3514 Lhiunum,
383 3458 404 3504 si
413 3458 518 3520 legatur:
531 3459 595 3504 Eam
639 3475 703 3506 euna
710 3459 831 3518 junxerit,
840 3475 992 3522 nequaquem
1002 3472 1087 3522 postea
1098 3478 1150 3510 mu·

90 3536 223 3597 sententiam
243 3535 358 3584 dirissem
381 3549 457 3599 quam
476 3535 589 3586 hodie...
639 3549 690 3584 tare
708 3538 838 3585 consilium
857 3535 886 3584 'et
908 3553 963 3584 cum
985 3540 1101 3586 Romanis
1122 3543 1148 3588 in

90 3610 176 3671 dicam
189 3615 244 3662 scil.
258 3625 317 3660 ante
326 3631 392 3662 omn.
405 3614 469 3662 Phil.
488 3627 513 3662 et
526 3618 593 3665 Mac.
640 3618 738 3682 gratiam
754 3617 833 3665 redire
849 3617 950 3679 poterit.
966 3616 1036 3665 Nihil
1049 3617 1148 3682 integri,

90 3688 110 3734 i«
124 3708 171 3738 suc.
188 3695 234 3740 bel.
250 3708 314 3756 quur.
328 3692 424 3740 ratione
437 3693 523 3741 deduc.
535 3711 593 3744 esse.
638 3707 666 3742 ut
678 3695 792 3743 observat
808 3695 925 3756 Doering.
938 3694 1037 3757 aliquid
1049 3711 1098 3742 esse
1110 3697 1148 3744 di·

89 3767 197 3820 Judieent
219 3774 238 3820 ii
264 3773 354 3835 quibus
380 3772 480 3820 Liviana
498 3773 594 3838 phrasis
638 3774 703 3822 citur
717 3776 754 3834 ei,
773 3775 829 3831 cui,
844 3789 871 3820 re
887 3773 960 3820 semel
975 3774 1097 3824 affectae«
1110 3777 1149 3825 in-

89 3859 137 3895 nou
146 3861 189 3898 est.
200 3853 248 3900 En.
638 3853 741 3910 chorita,
757 3865 864 3917 potestas
875 3868 924 3916 pro
938 3853 1040 3900 arbitrio
1058 3858 1150 3920 agendi

118 3945 139 3977 2.
158 3931 238 3978 Simul
255 3947 286 3977 ac
305 3947 451 3989 romanum,
471 3932 534 3979 forte
548 3949 593 3988 ac,
639 3944 721 3997 erepta
735 3943 771 3980 eet
785 3934 830 3989 ita,
844 3943 872 3980 ut
883 3948 896 3978 a
909 3931 1015 3980 consilio
1025 3937 1097 3983 semel
1110 3953 1149 3984 ra·

89 4005 152 4055 simul
161 4026 195 4064 r.,
207 4021 257 4057 etc.
271 4011 348 4057 Gron.
639 4023 683 4076 pto
697 4011 808 4059 recedere
817 4022 929 4074 nequeat.
938 4013 984 4060 En.

119 4086 140 4134 3.
149 4089 175 4134 Si
186 4090 264 4136 semel
275 4089 300 4135 iu
314 4105 415 4136 causam
428 4101 536 4138 nostrum
552 4090 594 4136 de·
675 4099 699 4146 4.
710 4089 864 4138 Absitverbo
874 4090 980 4148 iuvidia5
991 4091 1046 4140 vide
1058 4092 1151 4151 rullX,

20 4217 21 4246 p
88 4167 211 4226 resederit,
225 4167 258 4214 ad
268 4179 348 4231 partes
357 4179 452 4216 nostras
463 4170 594 4216 transierit.
643 4185 690 4231 19,
703 4186 727 4216 u.
741 4187 764 4230 7.
