2848 4958
227 404 273 484 at
655 402 692 466 r.
718 401 855 470 mvn
1144 382 1267 482 tnta:

225 519 312 590 dum
342 521 381 589 in
412 541 563 592 romana
595 521 786 607 societate,
816 518 875 590 alii
903 545 979 590 non
1004 520 1292 620 adspernandam

222 627 415 700 amicitiam
436 628 530 725 regis
557 644 767 728 censerent;
790 628 909 704 media
930 631 1005 702 visa
1023 645 1078 704 est
1095 631 1189 728 Clyti
1209 657 1292 704 sen-

222 739 359 812 tentia¹
376 760 494 835 eoque
510 753 676 837 accepta,
691 753 733 810 ut
746 739 791 810 ad
802 763 925 836 regem
939 743 1125 816 mitterent
1140 741 1293 839 legatos,

221 861 463 946 peterentque
482 847 529 920 ab
548 873 613 936 eo,
631 863 673 920 ut
690 847 894 921 Medionios
910 875 1021 948 super
1034 865 1134 928 tanta
1152 875 1192 922 re
1211 876 1295 924 con·

221 959 355 1031 sultare
374 959 413 1029 in
435 959 591 1032 concilio
609 965 840 1030 Acarnanum
862 975 1056 1057 pateretur.
1079 965 1121 1030 In
1140 985 1220 1034 eam
1239 960 1299 1032 les
1335 975 1340 986 ’

221 1071 404 1168 gestionem
419 1068 686 1159 Mnesilochus,
701 1071 816 1167 etqui
831 1070 910 1166 ejus
929 1068 1095 1142 factionis
1110 1085 1229 1161 erant,
1247 1070 1295 1142 de

220 1182 398 1256 industria
412 1179 569 1276 conjecti
578 1191 606 1268 ²,
623 1181 716 1252 clam
731 1182 867 1270 missis,
885 1181 949 1278 qui
963 1205 1086 1278 regem
1100 1179 1294 1252 admovere

121 1279 124 1284 ’
224 1291 346 1388 copias
362 1289 556 1385 juberent,
569 1291 639 1389 ipsi
652 1289 820 1365 terebant
834 1305 987 1388 tempus.
1003 1297 1131 1388 Itaque
1144 1290 1294 1362 vixdum

222 1402 263 1472 iis
277 1402 428 1499 egressis
447 1400 589 1498 legatis,
606 1400 806 1474 Antiochus
819 1402 859 1471 in
872 1398 1024 1492 finibus,
1043 1425 1129 1472 mox
1149 1400 1195 1472 ad
1209 1424 1294 1498 por·

221 1526 275 1582 tas
299 1525 398 1599 erat,
425 1525 463 1581 et
485 1509 773 1608 trepidantibus,
799 1511 864 1610 qui
889 1525 1054 1608 expertes
1075 1509 1294 1608 proditionis

222 1619 384 1709 fuerant,
403 1619 701 1716 tumultuoseque
717 1620 948 1714 juventutem
960 1619 1007 1692 ad
1021 1645 1120 1694 arma
1137 1623 1295 1692 vocanti

222 1731 311 1821 bus,
326 1730 371 1802 ab
386 1730 491 1827 Clyto
514 1745 550 1805 et
569 1729 795 1803 Mnesilocho
812 1731 850 1801 in
871 1729 1000 1802 urbem
1022 1745 1076 1802 est
1095 1731 1292 1828 inductus3

221 1855 278 1929 et,
293 1841 370 1913 aliis
383 1865 448 1912 sua
461 1839 648 1912 voluntate
663 1839 913 1928 affluentibus,
928 1857 1029 1912 metu
1041 1843 1156 1914 coacti
1165 1843 1293 1932 etiam,

222 1953 287 2046 qui
305 1948 583 2037 dissentiebant,
606 1949 653 2021 ad
671 1975 796 2048 regern
815 1966 1077 2024 convenerunt.
1099 1954 1201 2044 Quos
1215 1952 1293 2051 pla·

221 2058 302 2130 cida
326 2059 490 2130 oratione
515 2060 660 2135 territos
686 2085 801 2158 quum
828 2062 1097 2159 permulsisset‚
1122 2061 1167 2132 ad
1190 2087 1294 2160 spem

218 2172 370 2270 vulgatae
393 2171 592 2246 clementias
617 2172 757 2270 aliquot
774 2173 903 2272 populi
921 2175 1129 2264 Acarnaniae
1151 2171 1294 2246 defece-

219 2297 317 2356 runt.
340 2282 514 2379 Thyrium
532 2306 554 2352 a
572 2281 951 2380 Medioneproiectus
971 2297 1043 2371 est,
1063 2282 1291 2354 Mnesilocho

219 2394 350 2466 eodem
365 2405 401 2462 et
414 2390 540 2487 legatis
557 2393 756 2488 premissis.
774 2397 952 2469 Caeterum
964 2393 1105 2464 detecta
1118 2391 1291 2465 Medione

218 2504 317 2576 fraus
329 2502 526 2596 cautiores,
540 2526 617 2575 non
629 2501 847 2592 timidiores,
860 2497 1073 2599 Thyrienses
1086 2499 1189 2590 fecit,
1205 2502 1294 2576 dato

255 2693 317 2739 Car.
326 2691 384 2737 ΧΠ.
397 2704 420 2738 1.
429 2688 516 2737 Media
526 2688 582 2736 visa
589 2699 625 2736 est
635 2689 670 2737 Ol.
680 2706 733 2738 sen·
754 2674 759 2702 (
776 2691 837 2738 chus
843 2701 868 2738 et
878 2691 979 2753 quiejus
988 2690 1101 2738 factionis
1108 2701 1177 2738 erant
1185 2724 1193 2748 ,
1202 2691 1230 2737 in
1239 2707 1294 2738 eam

223 2769 313 2826 tentia,
323 2777 445 2832 quatenus
453 2767 519 2814 inter
528 2784 570 2828 ea,
580 2784 635 2832 quae
644 2770 733 2818 suasis-
778 2767 926 2830 legationem
947 2769 1050 2832 conjecti
1068 2769 1143 2816 fnisse
1161 2768 1293 2830 dicuntur,

221 2861 275 2900 sent
284 2847 377 2910 caeteri,
386 2846 492 2898 mediam
500 2848 569 2910 quasi
576 2843 642 2894 viam
647 2845 735 2896 ineun-
781 2846 838 2910 quia
847 2862 900 2895 non
911 2857 977 2895 sorte
987 2849 1015 2894 in
1024 2863 1076 2894 eam
1088 2847 1158 2896 electi
1167 2882 1175 2906 ,
1188 2848 1232 2896 sed
1241 2849 1295 2898 fere

220 2931 277 2977 dam
289 2943 340 2976 esse
353 2925 481 2987 censebat3
495 2925 547 2975 vid.
559 2925 598 2985 Il,
613 2927 658 2986 30,
674 2943 700 2976 n.
713 2945 736 2986 r,
781 2925 920 2990 viqnadam
930 2927 952 2973 ei
966 2925 1059 2974 obtrusi
1070 2927 1180 2987 fueram,
1195 2938 1219 2976 et
1234 2927 1296 2977 hine

219 3009 391 3071 lim-quue
399 3021 452 3056 acc.
459 3005 638 3068 ,·rid.I,rr,n.
647 3008 671 3058 6.
677 3009 738 3057 Post
782 3021 881 3070 quoque
900 3005 1000 3053 additur
1012 3005 1044 3052 de
1056 3005 1184 3054 industria.
1199 3008 1246 3057 Eo.
1258 3037 1296 3046 --

209 3099 325 3152 ‘accepta
334 3085 373 3135 ed.
385 3089 500 3153 Mogunt.
515 3097 539 3135 et
550 3103 617 3151 seqq.
626 3087 737 3150 adjecere
780 3087 887 3134 Placide
910 3086 1023 3135 oratione
1045 3087 1149 3136 territos.
1176 3087 1295 3153 Suspecta

224 3180 274 3228 est,
290 3165 359 3231 quod
378 3167 409 3215 ah
429 3167 544 3216 omnihus
562 3168 626 3216 MSS
648 3179 737 3232 praeter
780 3177 818 3214 est
830 3181 882 3214 vox
899 3167 994 3215 territos
1012 3167 1163 3230 Doeringio,
1181 3168 1295 3232 quinon

222 3249 377 3311 Mogontet
392 3245 423 3292 nh
438 3245 563 3295 edd.aute
577 3249 647 3310 Mog.
657 3247 734 3295 abest.
779 3245 850 3294 facile
873 3244 980 3310 aliquem
998 3246 1140 3310 simpliciter
1164 3246 1291 3304 territum,

221 3325 311 3373 Deleri
329 3323 446 3372 suadente
462 3325 528 3373 Duk.
542 3352 578 3361 -
592 3327 640 3372 Pto
658 3341 735 3390 eoque
778 3324 861 3373 nisire
872 3336 1032 3389 quaterretur
1041 3326 1149 3386 adjecta,
1159 3327 1209 3374 dici
1219 3342 1295 3389 posse

219 3403 331 3468 plurimae
344 3401 415 3452 editt.
425 3418 552 3468 perperam
564 3403 681 3452 exhibent
693 3421 734 3452 ea·
779 3403 914 3464 existiman
924 3404 1013 3452 deinde
1028 3405 1085 3468 quia
1095 3421 1123 3453 ea
1136 3421 1187 3454 vox
1196 3405 1294 3470 impor-

149 3484 155 3495 ’
219 3498 276 3546 que.
290 3481 324 3533 Τὸ
339 3493 375 3528 est
389 3492 470 3530 autem
484 3494 541 3546 post
554 3495 671 3548 accepta,
684 3500 732 3532 ser-
777 3493 839 3532 tuno
852 3485 925 3549 plane
943 3484 1000 3532 loeo
1017 3484 1099 3548 posita
1113 3495 1163 3544 est;
1178 3485 1292 3534 ibienim

219 3561 546 3626 vavitDosrirrgius‚quem
559 3563 680 3623 ejusmodi
690 3580 732 3612 ne·
776 3575 902 3630 exspectes
928 3562 1011 3629 potins
1032 3564 1186 3629 appellatos,
1204 3563 1294 3612 delirat-

219 3641 335 3707 gligentia
347 3643 374 3689 in
385 3641 485 3705 optimis
495 3643 655 3708 scriptoribus
664 3644 732 3692 haud
776 3655 831 3701 tos,
844 3643 950 3708 denique
966 3643 994 3693 τὸ
1013 3644 1108 3706 territos
1121 3644 1174 3704 jam
1188 3644 1249 3692 latet
1265 3645 1294 3692 in

219 3722 375 3785 infrequens,
386 3737 439 3769 nou
452 3721 565 3771 offendit.
576 3724 624 3772 En.
776 3737 853 3784 quos,
874 3739 951 3786 quum
971 3723 1002 3770 de
1021 3734 1085 3770 metu
1108 3739 1208 3782 eorum,
1231 3741 1295 3788 quos

255 3815 281 3846 a.
290 3802 321 3846 In
337 3814 393 3846 eam
410 3796 595 3865 legationem...
609 3802 712 3868 conjecti
720 3823 731 3862 ,·
778 3817 823 3849 rex
831 3802 975 3866 permulsit,
988 3801 1039 3863 jam
1054 3813 1125 3850 antea
1140 3803 1233 3850 dictum
1252 3804 1294 3852 sit.

225 3875 282 3925 ride
294 3878 326 3925 ad
339 3879 451 3938 xxxV,
460 3881 508 3941 ss,
519 3898 545 3929 n.
555 3882 664 3929 5.-Pro
674 3898 734 3930 eon·
780 3881 867 3943 Itaque
879 3881 919 3928 vir
930 3881 961 3930 cl.
977 3882 1041 3929 hanc
1058 3897 1145 3930 vocem
1156 3899 1170 3930 e
1183 3883 1295 3946 margine

220 3955 283 4019 jectr'
288 3991 298 4014 ,
311 3957 338 4004 iu
348 3956 459 4021 pluribus
476 3958 545 4010 editt.
561 3959 650 4025 legitur
662 3962 735 4010 colle·
779 3959 807 4007 in
815 3971 910 4008 textum
918 3961 1042 4024 irrepsisse
1055 3961 1192 4030 arbitratur.
1203 3963 1295 4011 En.-

221 4035 270 4093 ctt',
290 4035 357 4101 quod
377 4037 481 4101 glossam
503 4039 614 4088 redolere
640 4040 736 4102 judicat
782 4039 902 4106 Vrtlgatae.
909 4041 1066 4090 Semonibus
1074 4042 1223 4106 populorum
1231 4061 1294 4107 prae-

220 4119 340 4183 Doering.
355 4117 524 4184 significanter
538 4121 602 4172 enim
618 4121 736 4170 Mnesilo-
782 4121 875 4170 dicatae.
891 4125 936 4172 En.
