2848 4958
974 409 978 436 l

263 455 310 529 56
692 462 729 527 T.
763 445 895 531 Ltvlt
1184 440 1309 542 tte:

259 583 306 651 sis
322 579 418 650 ultro
435 579 480 649 ad
495 579 726 677 Diophanem
742 594 935 679 praetorem
950 581 1164 653 Achaeorum
1181 583 1332 668 nuntiis,

258 691 452 787 pecuniam
479 704 627 788 pactus,
652 690 807 764 insulam
834 691 971 763 Achaeis
1001 692 1159 764 tradidit.
1179 692 1223 763 Id
1246 715 1333 790 prte-

257 802 375 872 mium
401 800 490 874 belli
518 826 625 873 suum
653 825 750 887 esse,
776 825 922 899 aequum
950 802 1149 874 censebant
1173 805 1333 878 Romani.

257 917 345 985 Non
371 918 469 983 enim
494 912 560 983 Μ’.
580 911 742 982 Acilium
767 912 950 984 consulem
966 913 1197 1012 legionesque
1215 937 1334 1010 rumq-

259 1047 327 1093 ηας
345 1025 536 1122 Diophani
548 1039 584 1094 et
598 1024 748 1095 Achaeis
765 1023 820 1096 ad
838 1023 1098 1122 Thermopylas
1110 1035 1122 1066 ¹
1135 1047 1332 1122 pugnasse.

256 1133 471 1232 Diophanes
490 1133 662 1206 adversus
678 1135 755 1205 haec
772 1159 929 1232 purgare
947 1134 1133 1206 interdum
1153 1159 1230 1206 sese
1249 1159 1332 1231 gen·

256 1257 428 1340 temque3
455 1245 641 1316 interdum
671 1244 719 1315 de
745 1246 829 1341 jure
859 1243 944 1316 facti
966 1245 1155 1318 disserere.
1179 1244 1333 1336 Quidam

256 1354 474 1426 Achaeorum
499 1370 535 1428 et
560 1357 665 1428 initio
689 1381 768 1428 eam
793 1379 831 1427 se
856 1381 934 1428 rem
964 1354 1203 1454 adspernatus
1229 1368 1333 1426 testa-

256 1457 411 1553 bantur,
434 1481 470 1538 ct
493 1480 582 1538 tuno
602 1467 839 1564 pertinaciam
863 1464 1131 1564 increpitabant
1148 1465 1333 1564 praetoris;

258 1574 545 1673 auctoribusque
563 1577 605 1647 iis
624 1575 813 1648 decretum
831 1591 905 1665 est,
924 1591 966 1647 ut
984 1579 1023 1647 T.
1044 1577 1199 1668 Quintio
1219 1601 1260 1646 ea
1276 1599 1332 1644 res

257 1687 544 1786 permitteretur.
577 1691 662 1757 Erat
698 1687 899 1777 Quintius,
934 1687 1028 1758 sicut
1062 1683 1334 1757 adversantibus

256 1823 375 1896 asper,
393 1799 465 1885 ita,
490 1799 520 1868 si
542 1797 710 1884 cederes,
730 1796 828 1867 idem
849 1796 1044 1896 placabilis.
1066 1797 1210 1868 Omissa
1230 1795 1335 1891 igitur

255 1911 492 1980 contentione
510 1910 609 1980 vocis
622 1908 840 2004 vultusque,
859 1937 876 1973 κ
889 1909 926 1978 Si
938 1907 1086 1994 utilem,
1100 1907 1243 2004 inquit,
1257 1927 1333 2001 pos·

255 2019 484 2090 «sessionem
500 2019 580 2118 ejus
592 2019 719 2090 insulse
733 2043 918 2092 censerem
934 2017 1073 2090 Achaeis
1092 2041 1192 2107 esse,
1209 2029 1333 2087 auctor

254 2157 403 2204 «essem
427 2134 569 2204 senatui
593 2134 810 2231 populoque
827 2157 1003 2218 romano.
1024 2147 1067 2204 ut
1085 2156 1167 2202 eam
1187 2155 1252 2201 vos
1269 2127 1331 2198 ha·
1408 2121 1409 2126 ’

159 2281 162 2286 -
254 2273 270 2306 α
285 2241 374 2313 bere
393 2244 567 2324 sinerent.
588 2247 767 2314 Caeterum
785 2245 879 2315 sicut
897 2242 1119 2316 testudinem
1130 2253 1159 2331 ²,
1180 2241 1247 2312 ubi
1262 2235 1332 2312 col·
1351 2310 1352 2324 q

254 2381 272 2416 ι(
285 2351 378 2424 lecta
400 2354 440 2423 in
466 2378 574 2432 suum
597 2367 771 2451 tegumen
794 2367 868 2440 est,
893 2367 1010 2424 tutam
1028 2351 1075 2424 ad
1095 2376 1225 2424 omnes
1243 2351 1332 2421 ictus
1356 2358 1360 2369 “

253 2493 271 2528 «
285 2462 393 2534 video
410 2487 506 2549 esse,
524 2463 589 2535 ubi
607 2465 740 2538 exserit
755 2478 877 2560 partes
893 2465 1052 2561 aliquas,
1071 2463 1331 2561 quodcumque

172 2667 175 2672 .
254 2574 459 2662 «nudavit,
482 2573 684 2652 obnoxium
707 2588 817 2672 atque
842 2573 1029 2645 infirmum
1053 2573 1214 2663 habere3
1236 2566 1331 2642 haud

155 2721 158 2728 ·
256 2715 273 2749 ι(
288 2682 510 2754 dissimiliter
525 2709 609 2770 vos,
629 2683 772 2770 dolini,
790 2685 930 2756 clausos
951 2684 1115 2781 undique
1129 2686 1238 2770 mari,
1256 2703 1333 2779 quae

255 2823 272 2860 a
287 2795 384 2863 intra
408 2793 651 2890 Peloponnesi
672 2795 745 2863 sint
762 2795 961 2882 terminos,
985 2818 1028 2863 ea
1044 2806 1081 2862 et
1093 2793 1250 2893 jungere
1267 2813 1330 2859 vo·

254 2935 272 2971 a
284 2903 359 2992 bis,
377 2919 412 2974 et
426 2903 551 2997 juncta
570 2905 667 2976 tueri
685 2899 810 2991 facile3
830 2903 938 2973 simul
953 2902 1122 2973 aviditate
1137 2903 1244 3000 plura
1256 2905 1330 2969 'am-

290 3162 353 3210 Ctr.
366 3161 478 3220 xxm.
497 3175 519 3210 1.
537 3160 593 3208 Non
607 3161 653 3209 Μ’.
663 3159 771 3213 Acilium
815 3159 972 3210 testudinem.
987 3159 1037 3208 Sed
1046 3159 1168 3220 ejusmodi
1179 3160 1276 3208 doctam
1290 3156 1330 3203 ob·

255 3239 384 3304 Diophani
392 3229 423 3288 ¹ct
436 3237 534 3288 Acteis
546 3255 687 3304 pregnasse,
701 3240 729 3288 h.
749 3255 771 3288 e.
815 3240 992 3298 servationem,
1005 3255 1081 3303 quum
1098 3239 1169 3286 loeus
1183 3255 1227 3304 per
1244 3253 1271 3284 se
1281 3237 1329 3296 iem

255 3337 302 3386 pro
318 3319 364 3378 iis,
382 3319 410 3367 in
429 3334 515 3367 eorum
535 3319 637 3383 gratim
662 3333 771 3369 commas
816 3319 874 3373 satis
887 3319 920 3368 eit
935 3319 1094 3384 perspicuus,
1107 3319 1220 3366 inutilem
1238 3315 1330 3378 judicat

256 3400 373 3464 dumque.
815 3399 933 3463 Deering.
944 3401 991 3448 En.
1004 3425 1040 3436 -
1053 3399 1161 3446 Collecta
1176 3399 1202 3446 in
1213 3412 1283 3444 suram
1294 3405 1327 3441 te·

293 3479 391 3529 n.Sieut
402 3478 560 3536 testudinem,
571 3490 619 3528 ete.
628 3479 695 3527 eonf.
706 3478 771 3525 Plut.
813 3495 920 3544 gumen,
949 3479 1064 3538 dorsum,
1086 3488 1188 3537 testam,
1210 3476 1329 3540 chelyoth

255 3563 283 3612 itt
309 3560 396 3622 Quint.
421 3575 478 3623 pag
505 3559 571 3619 378,
593 3569 618 3607 et
639 3557 771 3623 Apophth.
816 3573 867 3622 quo
885 3557 983 3622 tegitur.
1000 3583 1036 3596 —-
1053 3557 1212 3614 Obnoxim
1227 3550 1328 3606 vidend

254 3657 311 3707 pag.
328 3655 387 3702 19¹7.
399 3667 434 3676 -·
446 3639 582 3698 Hearnius,
598 3650 698 3686 auctore
713 3641 770 3686 Jaa.
816 3640 869 3700 111,
883 3639 933 3698 39,
945 3653 970 3684 n.
984 3637 1124 3686 1.-Simul
1131 3633 1329 3697 avidtearepura

255 3721 288 3770 de
303 3717 397 3776 Witde,
410 3734 466 3784 pag.
485 3735 533 3782 79,
551 3729 622 3783 putat
641 3716 772 3779 Quintium
816 3716 991 3782 amplectendi,
1011 3726 1058 3764 ete.
1073 3714 1130 3764 cod.
1143 3717 1214 3780 Mog.
1233 3711 1328 3778 praefert

255 3800 365 3848 allusisse
380 3799 481 3862 imagini
493 3798 658 3862 Peloponnesi
666 3797 772 3844 nummis
816 3797 890 3844 simul
905 3796 1023 3845 aviditate
1033 3797 1111 3860 plura
1124 3792 1268 3860 appetendi,
1282 3799 1327 3838 etc.

255 3879 363 3942 antiquis
383 3879 559 3944 expressoe‚s'n
576 3877 666 3940 quibus
685 3893 714 3924 ea
734 3893 771 3924 re·
815 3879 860 3927 sed
886 3878 1021 3942 elegantius
1041 3878 1140 3926 videtur
1158 3868 1325 3940 amplectendi.

257 3959 298 4024 gio
323 3960 441 4008 testudini
466 3958 627 4017 assimilatur,
651 3957 715 4005 forte
738 3957 771 4005 ob
816 3959 895 4023 Supra
906 3957 1044 4019 XXLi,
1060 3958 1190 4023 aguis.....
1214 3953 1326 4004 coneum

170 4079 175 4100 ,
255 4039 492 4102 prominentiamm,
511 4038 563 4085 sive
587 4037 772 4101 promontorIo·
816 4041 945 4101 amplescus
952 4057 962 4096 ,·
975 4041 1119 4097 xxxvn,
1133 4037 1183 4098 54,
1196 4031 1277 4085 Graeci
1285 4030 1324 4077 do·

256 4133 326 4178 rum,
342 4121 447 4168 maxime
463 4118 584 4181 insignem
598 4117 772 4178 chalannen,
816 4117 920 4166 mesticis
927 4105 1159 4182 quondam-virilem
1169 4117 1243 4166 etiam
1255 4112 1325 4174 impe-

256 4197 391 4265 urbemque
402 4199 540 4266 proximam
549 4198 697 4259 Chelonen,
710 4199 738 4249 h.
748 4217 770 4249 e.
815 4199 879 4256 rium
893 4201 1111 4264 arupleetebautur.
1121 4203 1168 4248 Eu.
