<?xml version="1.0" encoding="UTF-8"?>
<!DOCTYPE html PUBLIC "-//W3C//DTD XHTML 1.0 Transitional//EN"
    "http://www.w3.org/TR/xhtml1/DTD/xhtml1-transitional.dtd">
<html xmlns="http://www.w3.org/1999/xhtml" xml:lang="en" lang="en">
 <head>
  <title>
</title>
<meta http-equiv="Content-Type" content="text/html;charset=utf-8" />
  <meta name='ocr-system' content='tesseract 3.04.00' />
  <meta name='ocr-capabilities' content='ocr_page ocr_carea ocr_par ocr_line ocrx_word'/>
</head>
<body>
  <div class='ocr_page' id='page_1' title='image "bibliothecaclas100lemagoog_0041.png"; bbox 0 0 2848 4958; ppageno 0'>
   <div class='ocr_carea' id='block_1_1' title="bbox 266 446 901 526">
    <p class='ocr_par' dir='ltr' id='par_1_1' title="bbox 266 446 901 526">
     <span class='ocr_line' id='line_1_1' title="bbox 266 446 901 526; baseline 0.009 -9"><span class='ocrx_word' id='word_1_1' title='bbox 266 446 311 518; x_wconf 83' lang='lat'><strong>26</strong></span> <span class='ocrx_word' id='word_1_2' title='bbox 690 455 729 523; x_wconf 86' lang='grc' dir='ltr'><strong>Τ.</strong></span> <span class='ocrx_word' id='word_1_3' title='bbox 762 457 901 526; x_wconf 86' lang='lat' dir='ltr'><strong>LIVII</strong></span> 
     </span>
    </p>
   </div>
   <div class='ocr_carea' id='block_1_2' title="bbox 214 569 1334 2876">
    <p class='ocr_par' dir='ltr' id='par_1_2' title="bbox 214 569 1334 2876">
     <span class='ocr_line' id='line_1_2' title="bbox 263 569 1322 675; baseline 0.008 -36"><span class='ocrx_word' id='word_1_4' title='bbox 263 569 375 659; x_wconf 91' lang='lat' dir='ltr'><strong>citus,</strong></span> <span class='ocrx_word' id='word_1_5' title='bbox 401 595 465 643; x_wconf 87' lang='lat' dir='ltr'><strong>seu</strong></span> <span class='ocrx_word' id='word_1_6' title='bbox 489 571 535 644; x_wconf 86' lang='lat' dir='ltr'><strong>ad</strong></span> <span class='ocrx_word' id='word_1_7' title='bbox 560 587 700 645; x_wconf 87' lang='lat' dir='ltr'><strong>metum</strong></span> <span class='ocrx_word' id='word_1_8' title='bbox 725 577 878 664; x_wconf 86' lang='lat' dir='ltr'><strong>virium,</strong></span> <span class='ocrx_word' id='word_1_9' title='bbox 904 599 968 647; x_wconf 90' lang='lat' dir='ltr'><strong>seu</strong></span> <span class='ocrx_word' id='word_1_10' title='bbox 991 574 1038 646; x_wconf 92' lang='lat' dir='ltr'><strong>ad</strong></span> <span class='ocrx_word' id='word_1_11' title='bbox 1066 599 1167 675; x_wconf 91' lang='lat' dir='ltr'><strong>spem</strong></span> <span class='ocrx_word' id='word_1_12' title='bbox 1189 578 1322 664; x_wconf 83' lang='lat' dir='ltr'><strong>reniae,</strong></span> 
     </span>
     <span class='ocr_line' id='line_1_3' title="bbox 263 680 1323 785; baseline 0.006 -35"><span class='ocrx_word' id='word_1_13' title='bbox 263 703 379 776; x_wconf 92' lang='lat' dir='ltr'><strong>quum</strong></span> <span class='ocrx_word' id='word_1_14' title='bbox 393 680 614 756; x_wconf 86' lang='lat' dir='ltr'><strong>dedidissent</strong></span> <span class='ocrx_word' id='word_1_15' title='bbox 627 708 724 775; x_wconf 83' lang='lat' dir='ltr'><strong>sese3</strong></span> <span class='ocrx_word' id='word_1_16' title='bbox 743 685 789 757; x_wconf 91' lang='lat' dir='ltr'><strong>ad</strong></span> <span class='ocrx_word' id='word_1_17' title='bbox 805 711 846 758; x_wconf 91' lang='lat' dir='ltr'><strong>ea</strong></span> <span class='ocrx_word' id='word_1_18' title='bbox 859 686 1063 784; x_wconf 88' lang='lat' dir='ltr'><strong>recipienda</strong></span> <span class='ocrx_word' id='word_1_19' title='bbox 1080 687 1230 785; x_wconf 90' lang='lat' dir='ltr'><strong>oppida,</strong></span> <span class='ocrx_word' id='word_1_20' title='bbox 1247 712 1323 784; x_wconf 85' lang='lat' dir='ltr'><strong>quae</strong></span> 
     </span>
     <span class='ocr_line' id='line_1_4' title="bbox 262 788 1324 895; baseline 0.006 -35"><span class='ocrx_word' id='word_1_21' title='bbox 262 788 478 864; x_wconf 82' lang='lat' dir='ltr'>Athamanes</span> <span class='ocrx_word' id='word_1_22' title='bbox 496 813 780 894; x_wconf 86' lang='lat' dir='ltr'><strong>occupaverant,</strong></span> <span class='ocrx_word' id='word_1_23' title='bbox 805 822 880 868; x_wconf 94' lang='lat' dir='ltr'><strong>uno</strong></span> <span class='ocrx_word' id='word_1_24' title='bbox 901 797 1044 895; x_wconf 77' lang='lat' dir='ltr'><strong>agmine</strong></span> <span class='ocrx_word' id='word_1_25' title='bbox 1067 799 1197 868; x_wconf 88' lang='lat' dir='ltr'><strong>ierunt.</strong></span> <span class='ocrx_word' id='word_1_26' title='bbox 1217 803 1324 868; x_wconf 86' lang='lat' dir='ltr'><strong>Erant</strong></span> 
     </span>
     <span class='ocr_line' id='line_1_5' title="bbox 263 901 1323 1006; baseline 0.006 -36"><span class='ocrx_word' id='word_1_27' title='bbox 263 913 384 971; x_wconf 88' lang='lat' dir='ltr'><strong>autem</strong></span> <span class='ocrx_word' id='word_1_28' title='bbox 401 901 496 991; x_wconf 80' lang='lat' dir='ltr'><strong>haec,</strong></span> <span class='ocrx_word' id='word_1_29' title='bbox 517 907 696 1003; x_wconf 87' lang='lat' dir='ltr'><strong>AEginium</strong></span> <span class='ocrx_word' id='word_1_30' title='bbox 707 908 736 996; x_wconf 61' lang='lat'><strong>⁵,</strong></span> <span class='ocrx_word' id='word_1_31' title='bbox 754 908 971 995; x_wconf 83' lang='lat' dir='ltr'><strong>Ericinium,</strong></span> <span class='ocrx_word' id='word_1_32' title='bbox 992 906 1172 1006; x_wconf 89' lang='lat' dir='ltr'><strong>Gomphi,</strong></span> <span class='ocrx_word' id='word_1_33' title='bbox 1190 907 1323 994; x_wconf 90' lang='lat' dir='ltr'><strong>Silana,</strong></span> 
     </span>
     <span class='ocr_line' id='line_1_6' title="bbox 261 1010 1324 1107; baseline 0.007 -28"><span class='ocrx_word' id='word_1_34' title='bbox 261 1010 404 1102; x_wconf 72' lang='lat' dir='ltr'><strong>Tricca,</strong></span> <span class='ocrx_word' id='word_1_35' title='bbox 419 1012 608 1103; x_wconf 84' lang='lat' dir='ltr'><strong>Meliboea,</strong></span> <span class='ocrx_word' id='word_1_36' title='bbox 626 1015 800 1088; x_wconf 86' lang='lat' dir='ltr'><strong>Phaloria.</strong></span> <span class='ocrx_word' id='word_1_37' title='bbox 820 1016 910 1088; x_wconf 93' lang='lat' dir='ltr'><strong>Inde</strong></span> <span class='ocrx_word' id='word_1_38' title='bbox 926 1017 1150 1107; x_wconf 88' lang='lat' dir='ltr'><strong>Pellinaeum,</strong></span> <span class='ocrx_word' id='word_1_39' title='bbox 1165 1015 1231 1087; x_wconf 93' lang='lat' dir='ltr'><strong>ubi</strong></span> <span class='ocrx_word' id='word_1_40' title='bbox 1246 1016 1324 1087; x_wconf 92' lang='lat' dir='ltr'><strong>Phi·</strong></span> 
     </span>
     <span class='ocr_line' id='line_1_7' title="bbox 261 1119 1325 1226; baseline 0.008 -37"><span class='ocrx_word' id='word_1_41' title='bbox 261 1119 383 1219; x_wconf 89' lang='lat' dir='ltr'><strong>lippus</strong></span> <span class='ocrx_word' id='word_1_42' title='bbox 407 1125 731 1225; x_wconf 84' lang='lat' dir='ltr'><strong>Megalopolitanus</strong></span> <span class='ocrx_word' id='word_1_43' title='bbox 754 1152 837 1200; x_wconf 90' lang='lat' dir='ltr'><strong>cum</strong></span> <span class='ocrx_word' id='word_1_44' title='bbox 862 1128 1069 1226; x_wconf 86' lang='lat' dir='ltr'><strong>quingentis</strong></span> <span class='ocrx_word' id='word_1_45' title='bbox 1086 1125 1269 1226; x_wconf 87' lang='lat' dir='ltr'><strong>peditibus</strong></span> <span class='ocrx_word' id='word_1_46' title='bbox 1290 1142 1325 1198; x_wconf 93' lang='lat' dir='ltr'><strong>et</strong></span> 
     </span>
     <span class='ocr_line' id='line_1_8' title="bbox 262 1231 1324 1338; baseline 0.006 -38"><span class='ocrx_word' id='word_1_47' title='bbox 262 1231 447 1326; x_wconf 89' lang='lat' dir='ltr'><strong>equitibus</strong></span> <span class='ocrx_word' id='word_1_48' title='bbox 465 1236 701 1338; x_wconf 87' lang='lat' dir='ltr'><strong>quadraginta</strong></span> <span class='ocrx_word' id='word_1_49' title='bbox 723 1239 762 1310; x_wconf 93' lang='lat' dir='ltr'><strong>in</strong></span> <span class='ocrx_word' id='word_1_50' title='bbox 788 1238 952 1336; x_wconf 86' lang='lat' dir='ltr'><strong>pracsidio</strong></span> <span class='ocrx_word' id='word_1_51' title='bbox 970 1252 1066 1326; x_wconf 90' lang='lat' dir='ltr'><strong>erat,</strong></span> <span class='ocrx_word' id='word_1_52' title='bbox 1087 1251 1123 1309; x_wconf 92' lang='lat' dir='ltr'><strong>et</strong></span> <span class='ocrx_word' id='word_1_53' title='bbox 1143 1237 1324 1309; x_wconf 91' lang='lat' dir='ltr'><strong>circumsi-</strong></span> 
     </span>
     <span class='ocr_line' id='line_1_9' title="bbox 264 1339 1325 1446; baseline 0.005 -37"><span class='ocrx_word' id='word_1_54' title='bbox 264 1339 374 1432; x_wconf 90' lang='lat' dir='ltr'><strong>dunt,</strong></span> <span class='ocrx_word' id='word_1_55' title='bbox 391 1358 448 1434; x_wconf 91' lang='lat' dir='ltr'><strong>et,</strong></span> <span class='ocrx_word' id='word_1_56' title='bbox 468 1347 569 1444; x_wconf 91' lang='lat' dir='ltr'><strong>prius</strong></span> <span class='ocrx_word' id='word_1_57' title='bbox 588 1374 699 1446; x_wconf 92' lang='lat' dir='ltr'><strong>quam</strong></span> <span class='ocrx_word' id='word_1_58' title='bbox 716 1362 989 1446; x_wconf 82' lang='lat' dir='ltr'><strong>oppugnarent,</strong></span> <span class='ocrx_word' id='word_1_59' title='bbox 1012 1348 1162 1438; x_wconf 88' lang='lat' dir='ltr'><strong>mittunt</strong></span> <span class='ocrx_word' id='word_1_60' title='bbox 1183 1346 1228 1417; x_wconf 87' lang='lat' dir='ltr'><strong>ad</strong></span> <span class='ocrx_word' id='word_1_61' title='bbox 1248 1345 1325 1416; x_wconf 65' lang='lat' dir='ltr'><strong>Pht</strong></span> 
     </span>
     <span class='ocr_line' id='line_1_10' title="bbox 261 1449 1323 1555; baseline 0.005 -35"><span class='ocrx_word' id='word_1_62' title='bbox 261 1449 420 1550; x_wconf 91' lang='lat' dir='ltr'><strong>lippum,</strong></span> <span class='ocrx_word' id='word_1_63' title='bbox 438 1459 502 1554; x_wconf 90' lang='lat' dir='ltr'><strong>qui</strong></span> <span class='ocrx_word' id='word_1_64' title='bbox 516 1473 701 1547; x_wconf 88' lang='lat' dir='ltr'><strong>moneret,</strong></span> <span class='ocrx_word' id='word_1_65' title='bbox 715 1485 762 1530; x_wconf 89' lang='lat' dir='ltr'><strong>ne</strong></span> <span class='ocrx_word' id='word_1_66' title='bbox 775 1459 846 1528; x_wconf 91' lang='lat' dir='ltr'><strong>vim</strong></span> <span class='ocrx_word' id='word_1_67' title='bbox 860 1458 1023 1528; x_wconf 89' lang='lat' dir='ltr'><strong>ultimam</strong></span> <span class='ocrx_word' id='word_1_68' title='bbox 1040 1457 1194 1555; x_wconf 87' lang='lat' dir='ltr'><strong>experiri</strong></span> <span class='ocrx_word' id='word_1_69' title='bbox 1208 1457 1323 1526; x_wconf 89' lang='lat' dir='ltr'><strong>vellet.</strong></span> 
     </span>
     <span class='ocr_line' id='line_1_11' title="bbox 261 1559 1326 1665; baseline 0.008 -37"><span class='ocrx_word' id='word_1_70' title='bbox 261 1559 405 1647; x_wconf 89' lang='lat' dir='ltr'><strong>Quibus</strong></span> <span class='ocrx_word' id='word_1_71' title='bbox 417 1563 477 1634; x_wconf 88' lang='lat' dir='ltr'><strong>ille</strong></span> <span class='ocrx_word' id='word_1_72' title='bbox 495 1567 578 1637; x_wconf 92' lang='lat' dir='ltr'><strong>satis</strong></span> <span class='ocrx_word' id='word_1_73' title='bbox 591 1565 761 1640; x_wconf 85' lang='lat' dir='ltr'><strong>ferociter</strong></span> <span class='ocrx_word' id='word_1_74' title='bbox 774 1566 978 1665; x_wconf 90' lang='lat' dir='ltr'><strong>respondit,</strong></span> <span class='ocrx_word' id='word_1_75' title='bbox 994 1566 1052 1639; x_wconf 88' lang='lat' dir='ltr'><strong>vel</strong></span> <span class='ocrx_word' id='word_1_76' title='bbox 1067 1569 1256 1653; x_wconf 89' lang='lat' dir='ltr'><strong>Romanis,</strong></span> <span class='ocrx_word' id='word_1_77' title='bbox 1271 1566 1326 1636; x_wconf 90' lang='lat' dir='ltr'><strong>vel</strong></span> 
     </span>
     <span class='ocr_line' id='line_1_12' title="bbox 262 1667 1326 1778; baseline 0.008 -40"><span class='ocrx_word' id='word_1_78' title='bbox 262 1667 439 1743; x_wconf 89' lang='lat' dir='ltr'><strong>Thessalis</strong></span> <span class='ocrx_word' id='word_1_79' title='bbox 458 1699 495 1746; x_wconf 92' lang='lat' dir='ltr'><strong>se</strong></span> <span class='ocrx_word' id='word_1_80' title='bbox 514 1677 734 1749; x_wconf 89' lang='lat' dir='ltr'><strong>crediturum</strong></span> <span class='ocrx_word' id='word_1_81' title='bbox 754 1676 878 1769; x_wconf 87' lang='lat' dir='ltr'><strong>fuisse;</strong></span> <span class='ocrx_word' id='word_1_82' title='bbox 891 1680 930 1750; x_wconf 90' lang='lat' dir='ltr'><strong>in</strong></span> <span class='ocrx_word' id='word_1_83' title='bbox 945 1676 1103 1778; x_wconf 93' lang='lat' dir='ltr'><strong>Philippi</strong></span> <span class='ocrx_word' id='word_1_84' title='bbox 1120 1705 1157 1751; x_wconf 92' lang='lat' dir='ltr'><strong>se</strong></span> <span class='ocrx_word' id='word_1_85' title='bbox 1173 1691 1326 1777; x_wconf 90' lang='lat' dir='ltr'><strong>potesta-</strong></span> 
     </span>
     <span class='ocr_line' id='line_1_13' title="bbox 264 1786 1327 1890; baseline 0.006 -40"><span class='ocrx_word' id='word_1_86' title='bbox 264 1792 339 1851; x_wconf 87' lang='lat' dir='ltr'><strong>tem</strong></span> <span class='ocrx_word' id='word_1_87' title='bbox 366 1786 642 1859; x_wconf 89' lang='lat' dir='ltr'><strong>commissurum</strong></span> <span class='ocrx_word' id='word_1_88' title='bbox 670 1813 745 1858; x_wconf 93' lang='lat' dir='ltr'><strong>non</strong></span> <span class='ocrx_word' id='word_1_89' title='bbox 773 1813 861 1862; x_wconf 89' lang='lat' dir='ltr'><strong>esse.</strong></span> <span class='ocrx_word' id='word_1_90' title='bbox 887 1793 1081 1890; x_wconf 90' lang='lat' dir='ltr'><strong>Postquam</strong></span> <span class='ocrx_word' id='word_1_91' title='bbox 1106 1789 1273 1888; x_wconf 91' lang='lat' dir='ltr'><strong>apparuit</strong></span> <span class='ocrx_word' id='word_1_92' title='bbox 1292 1789 1327 1856; x_wconf 85' lang='lat' dir='ltr'><strong>vi</strong></span> 
     </span>
     <span class='ocr_line' id='line_1_14' title="bbox 263 1893 1326 1994; baseline 0.008 -35"><span class='ocrx_word' id='word_1_93' title='bbox 263 1893 463 1988; x_wconf 86' lang='lat' dir='ltr'><strong>agendum,</strong></span> <span class='ocrx_word' id='word_1_94' title='bbox 485 1899 571 1994; x_wconf 88' lang='lat' dir='ltr'><strong>quia</strong></span> <span class='ocrx_word' id='word_1_95' title='bbox 598 1897 790 1970; x_wconf 83' lang='lat' dir='ltr'><strong>videbatur</strong></span> <span class='ocrx_word' id='word_1_96' title='bbox 814 1914 851 1971; x_wconf 89' lang='lat' dir='ltr'><strong>et</strong></span> <span class='ocrx_word' id='word_1_97' title='bbox 873 1901 1066 1971; x_wconf 84' lang='lat' dir='ltr'><strong>Limnaeam</strong></span> <span class='ocrx_word' id='word_1_98' title='bbox 1089 1898 1216 1972; x_wconf 88' lang='lat' dir='ltr'><strong>eodem</strong></span> <span class='ocrx_word' id='word_1_99' title='bbox 1238 1913 1326 1969; x_wconf 89' lang='lat' dir='ltr'><strong>tem·</strong></span> 
     </span>
     <span class='ocr_line' id='line_1_15' title="bbox 263 2009 1327 2108; baseline 0.008 -39"><span class='ocrx_word' id='word_1_100' title='bbox 263 2023 354 2097; x_wconf 88' lang='lat' dir='ltr'><strong>pore</strong></span> <span class='ocrx_word' id='word_1_101' title='bbox 373 2009 575 2102; x_wconf 86' lang='lat' dir='ltr'><strong>oppugnari</strong></span> <span class='ocrx_word' id='word_1_102' title='bbox 598 2033 724 2105; x_wconf 89' lang='lat' dir='ltr'><strong>posse,</strong></span> <span class='ocrx_word' id='word_1_103' title='bbox 751 2033 873 2106; x_wconf 89' lang='lat' dir='ltr'><strong>regem</strong></span> <span class='ocrx_word' id='word_1_104' title='bbox 899 2009 944 2080; x_wconf 92' lang='lat' dir='ltr'><strong>ad</strong></span> <span class='ocrx_word' id='word_1_105' title='bbox 968 2011 1159 2082; x_wconf 77' lang='lat' dir='ltr'><strong>Limnaeum</strong></span> <span class='ocrx_word' id='word_1_106' title='bbox 1185 2013 1236 2079; x_wconf 85' lang='lat' dir='ltr'><strong>ire</strong></span> <span class='ocrx_word' id='word_1_107' title='bbox 1255 2009 1327 2108; x_wconf 92' lang='lat' dir='ltr'><strong>pla·</strong></span> 
     </span>
     <span class='ocr_line' id='line_1_16' title="bbox 214 2112 1275 2218; baseline 0.008 -39"><span class='ocrx_word' id='word_1_108' title='bbox 214 2168 218 2178; x_wconf 78' lang='grc'>,</span> <span class='ocrx_word' id='word_1_109' title='bbox 264 2112 357 2202; x_wconf 83' lang='lat' dir='ltr'><strong>euit3</strong></span> <span class='ocrx_word' id='word_1_110' title='bbox 376 2115 517 2187; x_wconf 87' lang='lat' dir='ltr'><strong>Baebius</strong></span> <span class='ocrx_word' id='word_1_111' title='bbox 535 2119 666 2190; x_wconf 90' lang='lat' dir='ltr'><strong>restitit</strong></span> <span class='ocrx_word' id='word_1_112' title='bbox 686 2118 731 2190; x_wconf 91' lang='lat' dir='ltr'><strong>ad</strong></span> <span class='ocrx_word' id='word_1_113' title='bbox 748 2119 955 2191; x_wconf 86' lang='lat' dir='ltr'><strong>Pellinaeum</strong></span> <span class='ocrx_word' id='word_1_114' title='bbox 976 2118 1275 2218; x_wconf 85' lang='lat' dir='ltr'><strong>oppugnandum.</strong></span> 
     </span>
     <span class='ocr_line' id='line_1_17' title="bbox 313 2227 1329 2319; baseline 0.006 -25"><span class='ocrx_word' id='word_1_115' title='bbox 313 2227 408 2297; x_wconf 88' lang='lat' dir='ltr'><strong>XIV.</strong></span> <span class='ocrx_word' id='word_1_116' title='bbox 428 2231 496 2297; x_wconf 89' lang='lat' dir='ltr'><strong>Per</strong></span> <span class='ocrx_word' id='word_1_117' title='bbox 511 2254 573 2301; x_wconf 89' lang='lat' dir='ltr'><strong>eos</strong></span> <span class='ocrx_word' id='word_1_118' title='bbox 591 2228 685 2301; x_wconf 82' lang='lat' dir='ltr'><strong>forte</strong></span> <span class='ocrx_word' id='word_1_119' title='bbox 701 2229 776 2301; x_wconf 88' lang='lat' dir='ltr'><strong>dies</strong></span> <span class='ocrx_word' id='word_1_120' title='bbox 789 2229 848 2302; x_wconf 92' lang='grc' dir='ltr'><strong>Μ’.</strong></span> <span class='ocrx_word' id='word_1_121' title='bbox 867 2230 999 2302; x_wconf 89' lang='lat' dir='ltr'><strong>Acilius</strong></span> <span class='ocrx_word' id='word_1_122' title='bbox 1015 2229 1158 2319; x_wconf 89' lang='lat' dir='ltr'><strong>consul,</strong></span> <span class='ocrx_word' id='word_1_123' title='bbox 1178 2254 1261 2301; x_wconf 90' lang='lat' dir='ltr'><strong>cum</strong></span> <span class='ocrx_word' id='word_1_124' title='bbox 1277 2231 1329 2300; x_wconf 84' lang='lat' dir='ltr'><strong>vi-</strong></span> 
     </span>
     <span class='ocr_line' id='line_1_18' title="bbox 266 2333 1330 2436; baseline 0.006 -34"><span class='ocrx_word' id='word_1_125' title='bbox 266 2333 355 2427; x_wconf 90' lang='lat' dir='ltr'><strong>ginti</strong></span> <span class='ocrx_word' id='word_1_126' title='bbox 375 2336 534 2411; x_wconf 91' lang='lat' dir='ltr'><strong>millibus</strong></span> <span class='ocrx_word' id='word_1_127' title='bbox 559 2338 743 2436; x_wconf 91' lang='lat' dir='ltr'><strong>peditum,</strong></span> <span class='ocrx_word' id='word_1_128' title='bbox 770 2338 915 2411; x_wconf 89' lang='lat' dir='ltr'><strong>duobus</strong></span> <span class='ocrx_word' id='word_1_129' title='bbox 935 2340 1116 2412; x_wconf 87' lang='lat' dir='ltr'><strong>millibus¹</strong></span> <span class='ocrx_word' id='word_1_130' title='bbox 1147 2341 1330 2436; x_wconf 89' lang='lat' dir='ltr'><strong>equitum,</strong></span> 
     </span>
     <span class='ocr_line' id='line_1_19' title="bbox 264 2445 1331 2548; baseline 0.004 -33"><span class='ocrx_word' id='word_1_131' title='bbox 264 2445 471 2541; x_wconf 89' lang='lat' dir='ltr'><strong>quindecim</strong></span> <span class='ocrx_word' id='word_1_132' title='bbox 487 2449 704 2548; x_wconf 87' lang='lat' dir='ltr'><strong>elephantis,</strong></span> <span class='ocrx_word' id='word_1_133' title='bbox 720 2451 811 2520; x_wconf 90' lang='lat' dir='ltr'><strong>mari</strong></span> <span class='ocrx_word' id='word_1_134' title='bbox 825 2450 994 2546; x_wconf 87' lang='lat' dir='ltr'><strong>trajecto,</strong></span> <span class='ocrx_word' id='word_1_135' title='bbox 1013 2450 1197 2548; x_wconf 85' lang='lat' dir='ltr'><strong>pedestres</strong></span> <span class='ocrx_word' id='word_1_136' title='bbox 1211 2449 1331 2546; x_wconf 88' lang='lat' dir='ltr'><strong>copias</strong></span> 
     </span>
     <span class='ocr_line' id='line_1_20' title="bbox 263 2557 1331 2655; baseline 0.004 -31"><span class='ocrx_word' id='word_1_137' title='bbox 263 2558 437 2628; x_wconf 82' lang='lat' dir='ltr'><strong>Larissam</strong></span> <span class='ocrx_word' id='word_1_138' title='bbox 453 2557 587 2631; x_wconf 91' lang='lat' dir='ltr'><strong>ducere</strong></span> <span class='ocrx_word' id='word_1_139' title='bbox 601 2559 760 2631; x_wconf 89' lang='lat' dir='ltr'><strong>delectos</strong></span> <span class='ocrx_word' id='word_1_140' title='bbox 772 2559 927 2631; x_wconf 90' lang='lat' dir='ltr'><strong>militum</strong></span> <span class='ocrx_word' id='word_1_141' title='bbox 941 2557 1109 2631; x_wconf 92' lang='lat' dir='ltr'><strong>tribunos</strong></span> <span class='ocrx_word' id='word_1_142' title='bbox 1121 2559 1236 2655; x_wconf 88' lang='lat' dir='ltr'><strong>jussit.</strong></span> <span class='ocrx_word' id='word_1_143' title='bbox 1250 2563 1331 2655; x_wconf 90' lang='lat' dir='ltr'><strong>Ipse</strong></span> 
     </span>
     <span class='ocr_line' id='line_1_21' title="bbox 265 2669 1332 2769; baseline 0.003 -35"><span class='ocrx_word' id='word_1_144' title='bbox 265 2677 349 2735; x_wconf 88' lang='lat' dir='ltr'><strong>cum</strong></span> <span class='ocrx_word' id='word_1_145' title='bbox 368 2669 531 2764; x_wconf 90' lang='lat' dir='ltr'><strong>equitatu</strong></span> <span class='ocrx_word' id='word_1_146' title='bbox 544 2670 735 2740; x_wconf 74' lang='lat' dir='ltr'><strong>Limnaeum</strong></span> <span class='ocrx_word' id='word_1_147' title='bbox 754 2669 798 2741; x_wconf 92' lang='lat' dir='ltr'><strong>ad</strong></span> <span class='ocrx_word' id='word_1_148' title='bbox 811 2669 1017 2769; x_wconf 91' lang='lat' dir='ltr'><strong>Philippum</strong></span> <span class='ocrx_word' id='word_1_149' title='bbox 1035 2671 1145 2741; x_wconf 88' lang='lat' dir='ltr'><strong>venit.</strong></span> <span class='ocrx_word' id='word_1_150' title='bbox 1164 2669 1332 2739; x_wconf 89' lang='lat' dir='ltr'><strong>Adventu</strong></span> 
     </span>
     <span class='ocr_line' id='line_1_22' title="bbox 266 2776 1334 2876; baseline 0.006 -31"><span class='ocrx_word' id='word_1_151' title='bbox 266 2776 423 2848; x_wconf 90' lang='lat' dir='ltr'><strong>consulis</strong></span> <span class='ocrx_word' id='word_1_152' title='bbox 436 2777 572 2850; x_wconf 89' lang='lat' dir='ltr'><strong>deditio</strong></span> <span class='ocrx_word' id='word_1_153' title='bbox 585 2781 661 2851; x_wconf 90' lang='lat' dir='ltr'><strong>sine</strong></span> <span class='ocrx_word' id='word_1_154' title='bbox 674 2782 904 2852; x_wconf 87' lang='lat' dir='ltr'><strong>cunctatione</strong></span> <span class='ocrx_word' id='word_1_155' title='bbox 916 2795 969 2852; x_wconf 93' lang='lat' dir='ltr'><strong>est</strong></span> <span class='ocrx_word' id='word_1_156' title='bbox 983 2779 1075 2851; x_wconf 88' lang='lat' dir='ltr'><strong>facta</strong></span> <span class='ocrx_word' id='word_1_157' title='bbox 1086 2779 1334 2876; x_wconf 87' lang='lat' dir='ltr'><strong>traditumque</strong></span> 
     </span>
    </p>
   </div>
   <div class='ocr_carea' id='block_1_3' title="bbox 192 2997 1349 4259">
    <p class='ocr_par' dir='ltr' id='par_1_3' title="bbox 192 2997 1345 3775">
     <span class='ocr_line' id='line_1_23' title="bbox 301 2997 1337 3070; baseline 0.006 -26"><span class='ocrx_word' id='word_1_158' title='bbox 301 3013 327 3046; x_wconf 79' lang='lat' dir='ltr'><strong>a.</strong></span> <span class='ocrx_word' id='word_1_159' title='bbox 341 2997 478 3064; x_wconf 81' lang='lat' dir='ltr'><strong>AEgt&#39;nt&#39;nm,</strong></span> <span class='ocrx_word' id='word_1_160' title='bbox 491 2999 638 3061; x_wconf 75' lang='lat' dir='ltr'><strong>Ericinium,</strong></span> <span class='ocrx_word' id='word_1_161' title='bbox 654 3004 685 3054; x_wconf 89' lang='lat' dir='ltr'><strong>al.</strong></span> <span class='ocrx_word' id='word_1_162' title='bbox 698 3005 776 3052; x_wconf 83' lang='lat' dir='ltr'><strong>Erici·</strong></span> <span class='ocrx_word' id='word_1_163' title='bbox 821 3021 893 3070; x_wconf 81' lang='lat' dir='ltr'><strong>supra</strong></span> <span class='ocrx_word' id='word_1_164' title='bbox 907 3006 939 3054; x_wconf 86' lang='lat' dir='ltr'><strong>ad</strong></span> <span class='ocrx_word' id='word_1_165' title='bbox 953 3015 1026 3070; x_wconf 83' lang='lat' dir='ltr'><strong>caput</strong></span> <span class='ocrx_word' id='word_1_166' title='bbox 1041 3007 1070 3064; x_wconf 80' lang='lat'><strong>3,</strong></span> <span class='ocrx_word' id='word_1_167' title='bbox 1083 3015 1107 3054; x_wconf 83' lang='lat' dir='ltr'><strong>et</strong></span> <span class='ocrx_word' id='word_1_168' title='bbox 1119 3004 1181 3053; x_wconf 77' lang='lat' dir='ltr'><strong>inhu</strong></span> <span class='ocrx_word' id='word_1_169' title='bbox 1192 3004 1337 3062; x_wconf 79' lang='lat' dir='ltr'><strong>XXXVII,</strong></span> 
     </span>
     <span class='ocr_line' id='line_1_24' title="bbox 266 3079 1337 3152; baseline 0.004 -26"><span class='ocrx_word' id='word_1_170' title='bbox 266 3093 334 3126; x_wconf 85' lang='lat' dir='ltr'><strong>num.</strong></span> <span class='ocrx_word' id='word_1_171' title='bbox 344 3103 380 3114; x_wconf 92' lang='lat'>-</span> <span class='ocrx_word' id='word_1_172' title='bbox 389 3081 470 3126; x_wconf 81' lang='lat' dir='ltr'><strong>Locus</strong></span> <span class='ocrx_word' id='word_1_173' title='bbox 483 3079 523 3128; x_wconf 87' lang='lat' dir='ltr'><strong>bic</strong></span> <span class='ocrx_word' id='word_1_174' title='bbox 536 3081 564 3130; x_wconf 89' lang='lat' dir='ltr'><strong>in</strong></span> <span class='ocrx_word' id='word_1_175' title='bbox 574 3083 638 3132; x_wconf 87' lang='lat' dir='ltr'><strong>MSS</strong></span> <span class='ocrx_word' id='word_1_176' title='bbox 649 3084 776 3149; x_wconf 83' lang='lat' dir='ltr'><strong>Bamberg.</strong></span> <span class='ocrx_word' id='word_1_177' title='bbox 822 3103 837 3134; x_wconf 80' lang='lat' dir='ltr'><strong>a</strong></span> <span class='ocrx_word' id='word_1_178' title='bbox 847 3085 874 3152; x_wconf 88' lang='lat'><strong>),</strong></span> <span class='ocrx_word' id='word_1_179' title='bbox 888 3086 975 3135; x_wconf 78' lang='lat' dir='ltr'><strong>habuit</strong></span> <span class='ocrx_word' id='word_1_180' title='bbox 993 3096 1082 3150; x_wconf 81' lang='lat' dir='ltr'><strong>praeter</strong></span> <span class='ocrx_word' id='word_1_181' title='bbox 1104 3085 1202 3142; x_wconf 76' lang='lat' dir='ltr'><strong>socios,</strong></span> <span class='ocrx_word' id='word_1_182' title='bbox 1222 3083 1337 3148; x_wconf 83' lang='lat' dir='ltr'><strong>peditum</strong></span> 
     </span>
     <span class='ocr_line' id='line_1_25' title="bbox 265 3157 1340 3230; baseline 0.004 -25"><span class='ocrx_word' id='word_1_183' title='bbox 265 3157 301 3205; x_wconf 78' lang='lat' dir='ltr'><strong>tic</strong></span> <span class='ocrx_word' id='word_1_184' title='bbox 316 3157 413 3222; x_wconf 86' lang='lat' dir='ltr'><strong>legitur,</strong></span> <span class='ocrx_word' id='word_1_185' title='bbox 427 3169 487 3207; x_wconf 80' lang='lat' dir='ltr'><strong>teste</strong></span> <span class='ocrx_word' id='word_1_186' title='bbox 498 3161 627 3212; x_wconf 86' lang='lat' dir='ltr'><strong>Goellero:</strong></span> <span class='ocrx_word' id='word_1_187' title='bbox 642 3165 723 3212; x_wconf 83' lang='lat' dir='ltr'><strong>Erant</strong></span> <span class='ocrx_word' id='word_1_188' title='bbox 732 3181 777 3211; x_wconf 87' lang='lat' dir='ltr'><strong>an·</strong></span> <span class='ocrx_word' id='word_1_189' title='bbox 821 3181 949 3213; x_wconf 85' lang='lat' dir='ltr'><strong>numerum</strong></span> <span class='ocrx_word' id='word_1_190' title='bbox 963 3176 1097 3230; x_wconf 73' lang='lat' dir='ltr'><strong>aequantes,</strong></span> <span class='ocrx_word' id='word_1_191' title='bbox 1108 3165 1216 3228; x_wconf 85' lang='lat' dir='ltr'><strong>equitum</strong></span> <span class='ocrx_word' id='word_1_192' title='bbox 1225 3164 1340 3226; x_wconf 83' lang='lat' dir='ltr'><strong>praeben·</strong></span> 
     </span>
     <span class='ocr_line' id='line_1_26' title="bbox 267 3235 1338 3308; baseline 0.004 -22"><span class='ocrx_word' id='word_1_193' title='bbox 267 3247 315 3286; x_wconf 82' lang='lat' dir='ltr'><strong>tem</strong></span> <span class='ocrx_word' id='word_1_194' title='bbox 327 3235 379 3294; x_wconf 81' lang='lat' dir='ltr'><strong>ltoe,</strong></span> <span class='ocrx_word' id='word_1_195' title='bbox 393 3237 532 3301; x_wconf 56' lang='lat' dir='ltr'><strong>Ceffinium,</strong></span> <span class='ocrx_word' id='word_1_196' title='bbox 545 3241 672 3288; x_wconf 83' lang='lat' dir='ltr'><strong>Ercinium</strong></span> <span class='ocrx_word' id='word_1_197' title='bbox 680 3277 689 3299; x_wconf 90' lang='lat'><em>‚</em></span> <span class='ocrx_word' id='word_1_198' title='bbox 703 3243 777 3290; x_wconf 89' lang='lat' dir='ltr'><strong>Gom·</strong></span> <span class='ocrx_word' id='word_1_199' title='bbox 822 3255 859 3292; x_wconf 83' lang='lat' dir='ltr'><strong>tes</strong></span> <span class='ocrx_word' id='word_1_200' title='bbox 876 3243 1042 3308; x_wconf 66' lang='lat' dir='ltr'><strong>duplicatum</strong></span> <span class='ocrx_word' id='word_1_201' title='bbox 1056 3246 1133 3292; x_wconf 86' lang='lat' dir='ltr'><strong>Grou.</strong></span> <span class='ocrx_word' id='word_1_202' title='bbox 1148 3243 1227 3289; x_wconf 87' lang='lat' dir='ltr'><strong>EMS</strong></span> <span class='ocrx_word' id='word_1_203' title='bbox 1237 3241 1338 3290; x_wconf 84' lang='lat' dir='ltr'><strong>Victor.</strong></span> 
     </span>
     <span class='ocr_line' id='line_1_27' title="bbox 261 3315 1338 3388; baseline 0.006 -25"><span class='ocrx_word' id='word_1_204' title='bbox 261 3315 326 3380; x_wconf 84' lang='lat' dir='ltr'><strong>pisi,</strong></span> <span class='ocrx_word' id='word_1_205' title='bbox 347 3316 507 3375; x_wconf 69' lang='lat' dir='ltr'><strong>Laianci-icta,</strong></span> <span class='ocrx_word' id='word_1_206' title='bbox 527 3319 661 3370; x_wconf 77' lang='lat' dir='ltr'><strong>Moelt&#39;boea.</strong></span> <span class='ocrx_word' id='word_1_207' title='bbox 680 3323 729 3371; x_wconf 84' lang='lat' dir='ltr'><strong>Eo.</strong></span> <span class='ocrx_word' id='word_1_208' title='bbox 743 3349 778 3360; x_wconf 90' lang='lat'><strong>·-</strong></span> <span class='ocrx_word' id='word_1_209' title='bbox 822 3323 901 3387; x_wconf 83' lang='lat' dir='ltr'><strong>recepi</strong></span> <span class='ocrx_word' id='word_1_210' title='bbox 912 3321 1004 3388; x_wconf 82' lang='lat' dir='ltr'><strong>viginti</strong></span> <span class='ocrx_word' id='word_1_211' title='bbox 1011 3323 1124 3388; x_wconf 77' lang='lat' dir='ltr'><strong>exemplo</strong></span> <span class='ocrx_word' id='word_1_212' title='bbox 1131 3321 1338 3384; x_wconf 72' lang='lat' dir='ltr'><strong>Crenetprobb.</strong></span> 
     </span>
     <span class='ocr_line' id='line_1_28' title="bbox 269 3395 1345 3466; baseline 0.004 -25"><span class='ocrx_word' id='word_1_213' title='bbox 269 3395 318 3456; x_wconf 81' lang='lat' dir='ltr'><strong>Qui</strong></span> <span class='ocrx_word' id='word_1_214' title='bbox 333 3407 448 3444; x_wconf 82' lang='lat' dir='ltr'><strong>moneret.</strong></span> <span class='ocrx_word' id='word_1_215' title='bbox 470 3398 576 3458; x_wconf 79' lang='lat' dir='ltr'><strong>Quidam</strong></span> <span class='ocrx_word' id='word_1_216' title='bbox 597 3399 695 3450; x_wconf 83' lang='lat' dir='ltr'><strong>codices</strong></span> <span class='ocrx_word' id='word_1_217' title='bbox 712 3402 779 3466; x_wconf 87' lang='lat' dir='ltr'><strong>apud</strong></span> <span class='ocrx_word' id='word_1_218' title='bbox 822 3399 1345 3466; x_wconf 79' lang='lat' dir='ltr'><strong>Drak.(quiputabat,seripturuluisseXX</strong></span> 
     </span>
     <span class='ocr_line' id='line_1_29' title="bbox 192 3472 1340 3546; baseline 0.003 -25"><span class='ocrx_word' id='word_1_219' title='bbox 192 3523 198 3530; x_wconf 77' lang='grc'><strong>,</strong></span> <span class='ocrx_word' id='word_1_220' title='bbox 227 3497 230 3504; x_wconf 46' lang='lat'><em>¹</em></span> <span class='ocrx_word' id='word_1_221' title='bbox 267 3472 342 3522; x_wconf 84' lang='lat' dir='ltr'><strong>Drak.</strong></span> <span class='ocrx_word' id='word_1_222' title='bbox 352 3475 447 3524; x_wconf 77' lang='lat' dir='ltr'><strong>etmss</strong></span> <span class='ocrx_word' id='word_1_223' title='bbox 458 3477 584 3542; x_wconf 82' lang='lat' dir='ltr'><strong>Bumberg.</strong></span> <span class='ocrx_word' id='word_1_224' title='bbox 596 3478 722 3545; x_wconf 81' lang='lat' dir='ltr'><strong>dant,qni</strong></span> <span class='ocrx_word' id='word_1_225' title='bbox 729 3499 780 3528; x_wconf 90' lang='lat' dir='ltr'><strong>mo·</strong></span> <span class='ocrx_word' id='word_1_226' title='bbox 818 3479 1340 3546; x_wconf 84' lang='lat' dir='ltr'><strong>peditum,etlibrariumaccepissealteram</strong></span> 
     </span>
     <span class='ocr_line' id='line_1_30' title="bbox 267 3553 1342 3623; baseline 0.005 -24"><span class='ocrx_word' id='word_1_227' title='bbox 267 3565 368 3612; x_wconf 64' lang='lat' dir='ltr'><strong>nerem</strong></span> <span class='ocrx_word' id='word_1_228' title='bbox 385 3553 453 3618; x_wconf 86' lang='lat' dir='ltr'><strong>quod</strong></span> <span class='ocrx_word' id='word_1_229' title='bbox 471 3554 561 3603; x_wconf 79' lang='lat' dir='ltr'><strong>rectius</strong></span> <span class='ocrx_word' id='word_1_230' title='bbox 585 3561 688 3610; x_wconf 86' lang='lat' dir='ltr'><strong>omnino</strong></span> <span class='ocrx_word' id='word_1_231' title='bbox 709 3572 780 3623; x_wconf 81' lang='lat' dir='ltr'><strong>putat</strong></span> <span class='ocrx_word' id='word_1_232' title='bbox 823 3559 917 3608; x_wconf 84' lang='lat' dir='ltr'><strong>denarii</strong></span> <span class='ocrx_word' id='word_1_233' title='bbox 929 3559 1024 3606; x_wconf 86' lang='lat' dir='ltr'><strong>numeri</strong></span> <span class='ocrx_word' id='word_1_234' title='bbox 1034 3571 1117 3608; x_wconf 84' lang='lat' dir='ltr'><strong>notam</strong></span> <span class='ocrx_word' id='word_1_235' title='bbox 1129 3575 1176 3622; x_wconf 84' lang='lat' dir='ltr'><strong>pro</strong></span> <span class='ocrx_word' id='word_1_236' title='bbox 1188 3569 1246 3610; x_wconf 80' lang='lat' dir='ltr'><strong>nota</strong></span> <span class='ocrx_word' id='word_1_237' title='bbox 1258 3557 1342 3605; x_wconf 84' lang='lat' dir='ltr'><strong>mille·</strong></span> 
     </span>
     <span class='ocr_line' id='line_1_31' title="bbox 269 3632 1342 3704; baseline 0.007 -24"><span class='ocrx_word' id='word_1_238' title='bbox 269 3632 386 3698; x_wconf 82' lang='lat' dir='ltr'><strong>Doering.</strong></span> <span class='ocrx_word' id='word_1_239' title='bbox 411 3633 469 3697; x_wconf 83' lang='lat' dir='ltr'><strong>quin</strong></span> <span class='ocrx_word' id='word_1_240' title='bbox 491 3635 616 3699; x_wconf 81' lang='lat' dir='ltr'><strong>sequitur,</strong></span> <span class='ocrx_word' id='word_1_241' title='bbox 634 3639 720 3702; x_wconf 84' lang='lat' dir='ltr'><strong>quibus</strong></span> <span class='ocrx_word' id='word_1_242' title='bbox 742 3656 779 3685; x_wconf 84' lang='lat' dir='ltr'><strong>re·</strong></span> <span class='ocrx_word' id='word_1_243' title='bbox 822 3638 1008 3704; x_wconf 55' lang='lat' dir='ltr'><strong>notuerunt.</strong></span> <span class='ocrx_word' id='word_1_244' title='bbox 1018 3638 1061 3702; x_wconf 87' lang='lat' dir='ltr'><strong>qui</strong></span> <span class='ocrx_word' id='word_1_245' title='bbox 1071 3649 1151 3686; x_wconf 87' lang='lat' dir='ltr'><strong>tamen</strong></span> <span class='ocrx_word' id='word_1_246' title='bbox 1160 3637 1232 3686; x_wconf 87' lang='lat' dir='ltr'><strong>simul</strong></span> <span class='ocrx_word' id='word_1_247' title='bbox 1240 3648 1342 3696; x_wconf 67' lang='lat' dir='ltr'><strong>morrei,</strong></span> 
     </span>
     <span class='ocr_line' id='line_1_32' title="bbox 268 3713 1344 3775; baseline 0.006 -17"><span class='ocrx_word' id='word_1_248' title='bbox 268 3713 375 3775; x_wconf 81' lang='lat' dir='ltr'><strong>spondit.</strong></span> <span class='ocrx_word' id='word_1_249' title='bbox 387 3713 433 3762; x_wconf 86' lang='lat' dir='ltr'><strong>Eu.</strong></span> <span class='ocrx_word' id='word_1_250' title='bbox 823 3718 918 3766; x_wconf 88' lang='lat' dir='ltr'><strong>Livium</strong></span> <span class='ocrx_word' id='word_1_251' title='bbox 936 3717 963 3764; x_wconf 91' lang='lat' dir='ltr'><strong>in</strong></span> <span class='ocrx_word' id='word_1_252' title='bbox 981 3717 1100 3765; x_wconf 84' lang='lat' dir='ltr'><strong>tradendo</strong></span> <span class='ocrx_word' id='word_1_253' title='bbox 1117 3733 1219 3766; x_wconf 83' lang='lat' dir='ltr'><strong>numero</strong></span> <span class='ocrx_word' id='word_1_254' title='bbox 1232 3716 1344 3766; x_wconf 86' lang='lat' dir='ltr'><strong>militum</strong></span> 
     </span>
    </p>

    <p class='ocr_par' dir='ltr' id='par_1_4' title="bbox 267 3790 1349 4259">
     <span class='ocr_line' id='line_1_33' title="bbox 305 3790 1344 3860; baseline 0.005 -23"><span class='ocrx_word' id='word_1_255' title='bbox 305 3790 364 3838; x_wconf 69' lang='lat' dir='ltr'><strong>Car.</strong></span> <span class='ocrx_word' id='word_1_256' title='bbox 374 3792 445 3839; x_wconf 87' lang='lat' dir='ltr'><strong>XIV.</strong></span> <span class='ocrx_word' id='word_1_257' title='bbox 462 3808 484 3839; x_wconf 90' lang='lat'><strong>1.</strong></span> <span class='ocrx_word' id='word_1_258' title='bbox 500 3793 558 3842; x_wconf 87' lang='lat' dir='ltr'><strong>Cum</strong></span> <span class='ocrx_word' id='word_1_259' title='bbox 575 3794 665 3860; x_wconf 75' lang='lat' dir='ltr'><strong>viginti</strong></span> <span class='ocrx_word' id='word_1_260' title='bbox 676 3797 780 3849; x_wconf 78' lang='lat' dir='ltr'><strong>millibus</strong></span> <span class='ocrx_word' id='word_1_261' title='bbox 824 3795 899 3845; x_wconf 78' lang='lat' dir='ltr'><strong>Acilii</strong></span> <span class='ocrx_word' id='word_1_262' title='bbox 913 3812 964 3844; x_wconf 90' lang='lat' dir='ltr'><strong>non</strong></span> <span class='ocrx_word' id='word_1_263' title='bbox 978 3797 1036 3845; x_wconf 89' lang='lat' dir='ltr'><strong>satis</strong></span> <span class='ocrx_word' id='word_1_264' title='bbox 1048 3807 1188 3845; x_wconf 82' lang='lat' dir='ltr'><strong>accuratum</strong></span> <span class='ocrx_word' id='word_1_265' title='bbox 1203 3811 1268 3844; x_wconf 81' lang='lat' dir='ltr'><strong>esse:</strong></span> <span class='ocrx_word' id='word_1_266' title='bbox 1282 3812 1344 3842; x_wconf 90' lang='lat' dir='ltr'><strong>nam</strong></span> 
     </span>
     <span class='ocr_line' id='line_1_34' title="bbox 267 3867 1345 3943; baseline 0.006 -30"><span class='ocrx_word' id='word_1_267' title='bbox 267 3867 388 3935; x_wconf 79' lang='lat' dir='ltr'><strong>peditum,</strong></span> <span class='ocrx_word' id='word_1_268' title='bbox 398 3869 490 3918; x_wconf 85' lang='lat' dir='ltr'><strong>dnobus</strong></span> <span class='ocrx_word' id='word_1_269' title='bbox 501 3872 605 3921; x_wconf 83' lang='lat' dir='ltr'><strong>millibus</strong></span> <span class='ocrx_word' id='word_1_270' title='bbox 616 3876 739 3940; x_wconf 68' lang='lat' dir='ltr'><strong>equitnm</strong></span> <span class='ocrx_word' id='word_1_271' title='bbox 749 3877 781 3926; x_wconf 86' lang='lat' dir='ltr'><strong>al·</strong></span> <span class='ocrx_word' id='word_1_272' title='bbox 825 3893 900 3941; x_wconf 89' lang='lat' dir='ltr'><strong>quum</strong></span> <span class='ocrx_word' id='word_1_273' title='bbox 917 3875 1027 3943; x_wconf 74' lang='lat' dir='ltr'><strong>XXXV,</strong></span> <span class='ocrx_word' id='word_1_274' title='bbox 1043 3885 1072 3933; x_wconf 67' lang='lat' dir='ltr'><strong>tr</strong></span> <span class='ocrx_word' id='word_1_275' title='bbox 1092 3876 1214 3934; x_wconf 82' lang='lat' dir='ltr'><strong>retulerit,</strong></span> <span class='ocrx_word' id='word_1_276' title='bbox 1228 3875 1345 3937; x_wconf 83' lang='lat' dir='ltr'><strong>consult,</strong></span> 
     </span>
     <span class='ocr_line' id='line_1_35' title="bbox 271 3947 1344 4020; baseline 0.008 -27"><span class='ocrx_word' id='word_1_277' title='bbox 271 3957 349 3995; x_wconf 86' lang='lat' dir='ltr'><strong>terum</strong></span> <span class='ocrx_word' id='word_1_278' title='bbox 368 3947 471 3996; x_wconf 85' lang='lat' dir='ltr'><strong>millibus</strong></span> <span class='ocrx_word' id='word_1_279' title='bbox 484 3950 628 4013; x_wconf 84' lang='lat' dir='ltr'><strong>delendum,</strong></span> <span class='ocrx_word' id='word_1_280' title='bbox 644 3965 668 4002; x_wconf 87' lang='lat' dir='ltr'><strong>et</strong></span> <span class='ocrx_word' id='word_1_281' title='bbox 690 3955 793 4020; x_wconf 63' lang='lat' dir='ltr'><strong>,viffl&#39;nti</strong></span> <span class='ocrx_word' id='word_1_282' title='bbox 825 3956 866 4004; x_wconf 88' lang='lat' dir='ltr'><strong>cui</strong></span> <span class='ocrx_word' id='word_1_283' title='bbox 883 3972 935 4003; x_wconf 83' lang='lat' dir='ltr'><strong>sors</strong></span> <span class='ocrx_word' id='word_1_284' title='bbox 948 3967 1011 4003; x_wconf 82' lang='lat' dir='ltr'><strong>esset</strong></span> <span class='ocrx_word' id='word_1_285' title='bbox 1026 3955 1117 4003; x_wconf 87' lang='lat' dir='ltr'><strong>bellum</strong></span> <span class='ocrx_word' id='word_1_286' title='bbox 1130 3971 1186 4001; x_wconf 90' lang='lat' dir='ltr'><strong>cum</strong></span> <span class='ocrx_word' id='word_1_287' title='bbox 1197 3955 1344 4010; x_wconf 80' lang='lat' dir='ltr'><strong>Antiocho,</strong></span> 
     </span>
     <span class='ocr_line' id='line_1_36' title="bbox 269 4026 1347 4100; baseline 0.007 -28"><span class='ocrx_word' id='word_1_288' title='bbox 269 4026 316 4091; x_wconf 84' lang='lat' dir='ltr'><strong>leg.</strong></span> <span class='ocrx_word' id='word_1_289' title='bbox 326 4041 373 4091; x_wconf 90' lang='lat' dir='ltr'><strong>pro</strong></span> <span class='ocrx_word' id='word_1_290' title='bbox 384 4027 450 4091; x_wconf 86' lang='lat' dir='ltr'><strong>vulg.</strong></span> <span class='ocrx_word' id='word_1_291' title='bbox 465 4028 561 4089; x_wconf 87' lang='lat' dir='ltr'><strong>decem,</strong></span> <span class='ocrx_word' id='word_1_292' title='bbox 572 4032 610 4080; x_wconf 85' lang='lat' dir='ltr'><strong>vel</strong></span> <span class='ocrx_word' id='word_1_293' title='bbox 623 4035 675 4080; x_wconf 89' lang='lat' dir='ltr'><strong>XX</strong></span> <span class='ocrx_word' id='word_1_294' title='bbox 685 4050 731 4100; x_wconf 87' lang='lat' dir='ltr'><strong>pro</strong></span> <span class='ocrx_word' id='word_1_295' title='bbox 742 4035 780 4092; x_wconf 89' lang='lat' dir='ltr'><strong>X,</strong></span> <span class='ocrx_word' id='word_1_296' title='bbox 826 4046 932 4100; x_wconf 89' lang='lat' dir='ltr'><strong>quatuor</strong></span> <span class='ocrx_word' id='word_1_297' title='bbox 946 4032 1021 4082; x_wconf 85' lang='lat' dir='ltr'><strong>millia</strong></span> <span class='ocrx_word' id='word_1_298' title='bbox 1038 4034 1149 4098; x_wconf 88' lang='lat' dir='ltr'><strong>peditum</strong></span> <span class='ocrx_word' id='word_1_299' title='bbox 1159 4044 1184 4080; x_wconf 87' lang='lat' dir='ltr'><strong>et</strong></span> <span class='ocrx_word' id='word_1_300' title='bbox 1194 4033 1256 4082; x_wconf 88' lang='lat' dir='ltr'><strong>CCC</strong></span> <span class='ocrx_word' id='word_1_301' title='bbox 1270 4034 1347 4096; x_wconf 86' lang='lat' dir='ltr'><strong>equi-</strong></span> 
     </span>
     <span class='ocr_line' id='line_1_37' title="bbox 271 4105 1349 4175; baseline 0.008 -23"><span class='ocrx_word' id='word_1_302' title='bbox 271 4121 302 4152; x_wconf 81' lang='lat' dir='ltr'><strong>ex</strong></span> <span class='ocrx_word' id='word_1_303' title='bbox 316 4105 424 4171; x_wconf 86' lang='lat' dir='ltr'><strong>Appiani</strong></span> <span class='ocrx_word' id='word_1_304' title='bbox 442 4108 497 4172; x_wconf 82' lang='lat' dir='ltr'><strong>Syr.</strong></span> <span class='ocrx_word' id='word_1_305' title='bbox 515 4125 555 4172; x_wconf 81' lang='lat'><strong>17,</strong></span> <span class='ocrx_word' id='word_1_306' title='bbox 570 4122 594 4160; x_wconf 84' lang='lat' dir='ltr'><strong>et</strong></span> <span class='ocrx_word' id='word_1_307' title='bbox 612 4112 669 4175; x_wconf 89' lang='lat' dir='ltr'><strong>quia</strong></span> <span class='ocrx_word' id='word_1_308' title='bbox 688 4113 782 4161; x_wconf 81' lang='lat' dir='ltr'><strong>Acilius</strong></span> <span class='ocrx_word' id='word_1_309' title='bbox 826 4125 862 4162; x_wconf 84' lang='lat' dir='ltr'><strong>tes</strong></span> <span class='ocrx_word' id='word_1_310' title='bbox 881 4130 937 4163; x_wconf 90' lang='lat' dir='ltr'><strong>cum</strong></span> <span class='ocrx_word' id='word_1_311' title='bbox 954 4115 1022 4170; x_wconf 72' lang='lat'><strong>6400</strong></span> <span class='ocrx_word' id='word_1_312' title='bbox 1040 4113 1113 4161; x_wconf 86' lang='lat' dir='ltr'><strong>sociis</strong></span> <span class='ocrx_word' id='word_1_313' title='bbox 1134 4113 1229 4160; x_wconf 85' lang='lat' dir='ltr'><strong>decreta</strong></span> <span class='ocrx_word' id='word_1_314' title='bbox 1248 4113 1349 4172; x_wconf 85' lang='lat' dir='ltr'><strong>fuisse,</strong></span> 
     </span>
     <span class='ocr_line' id='line_1_38' title="bbox 270 4182 1348 4259; baseline 0.004 -23"><span class='ocrx_word' id='word_1_315' title='bbox 270 4182 779 4259; x_wconf 77' lang='lat' dir='ltr'><strong>tlttaslegiones,primamettertiam(rid.</strong></span> <span class='ocrx_word' id='word_1_316' title='bbox 827 4192 914 4242; x_wconf 88' lang='lat' dir='ltr'><strong>deinde</strong></span> <span class='ocrx_word' id='word_1_317' title='bbox 933 4193 1015 4242; x_wconf 81' lang='lat' dir='ltr'><strong>Acilio</strong></span> <span class='ocrx_word' id='word_1_318' title='bbox 1040 4191 1100 4240; x_wconf 84' lang='lat' dir='ltr'><strong>‹luns</strong></span> <span class='ocrx_word' id='word_1_319' title='bbox 1122 4193 1230 4255; x_wconf 81' lang='lat' dir='ltr'><strong>legiones</strong></span> <span class='ocrx_word' id='word_1_320' title='bbox 1248 4193 1348 4240; x_wconf 83' lang='lat' dir='ltr'><strong>civium</strong></span> 
     </span>
    </p>
   </div>
   <div class='ocr_carea' id='block_1_4' title="bbox 0 0 1435 4958">
    <p class='ocr_par' dir='ltr' id='par_1_5' title="bbox 0 0 1435 4958">
     <span class='ocr_line' id='line_1_39' title="bbox 0 0 1435 4958; baseline 0 0"><span class='ocrx_word' id='word_1_321' title='bbox 0 0 1435 4958; x_wconf 95' lang='lat' dir='ltr'><strong> </strong></span> 
     </span>
    </p>
   </div>
  </div>
 </body>
</html>
