2848 4958
133 449 252 549 tta:
337 469 427 536 mn.
455 469 634 536 xxxvi.
662 470 765 538 car.
787 471 830 537 v.
854 471 917 536 ιι.
1117 491 1153 535 tt

109 614 181 685 gem
197 589 325 686 gratia,
346 586 447 684 quod
469 587 654 685 accepturi
671 585 822 658 fuissent
839 586 1066 673 venientem,
1085 587 1159 656 sive

109 702 273 787 venisset,
297 699 346 770 sic
371 721 520 794 quoque
546 721 627 794 spes
649 701 761 769 veniae
784 696 829 768 ab
851 697 1023 767 Romanis
1043 695 1159 779 foret,

107 809 217 904 quod,
238 834 313 879 non
327 821 533 906 exspectato
549 807 750 905 longinquo
764 804 921 878 aurrllio6
940 805 986 878 ab
1001 831 1055 893 se,
1070 831 1160 903 praa-

104 920 205 990 sentis
225 919 361 990 viribus
385 917 668 990 succubuissent.
692 919 785 988 Huic
805 933 880 988 tam
901 917 1080 1015 perplexae
1106 917 1159 988 le-

103 1029 246 1122 gationi,
266 1030 351 1126 quia
366 1053 443 1098 non
456 1029 538 1098 satis
551 1029 589 1098 in
605 1042 780 1126 promptu
794 1041 888 1109 erat,
909 1026 998 1122 quid
1014 1051 1160 1124 respon·

105 1136 214 1226 deret,
236 1136 372 1234 legatus
395 1162 433 1208 se
456 1139 649 1208 missurum
669 1135 717 1207 ad
735 1161 798 1208 eos
817 1135 926 1221 dixit,
949 1135 1077 1231 quide
1097 1138 1158 1217 iis,

18 1326 19 1341 χ
105 1271 174 1343 quae
191 1247 236 1319 ad
260 1247 341 1318 illus
359 1271 470 1343 seque
494 1247 740 1336 communiter
763 1245 1009 1344 pertinerent,
1030 1243 1160 1343 loque·

104 1369 234 1427 rentur.

142 1471 197 1538 vt.
226 1472 269 1574 In
294 1467 469 1538 Boeotiam
486 1469 565 1564 ipse
583 1464 769 1564 profectus
786 1479 861 1551 est,
880 1487 1003 1536 causas
1019 1465 1057 1534 in
1076 1487 1157 1560 spe-

104 1574 181 1644 ciem
200 1577 262 1646 irae
278 1574 449 1647 adversus
458 1581 639 1647 Romanos
656 1597 735 1662 eas,
750 1599 841 1672 quas
859 1590 944 1646 ante
964 1574 1037 1645 dixi
1050 1585 1076 1662 ¹,
1094 1573 1157 1643 ha-

18 1737 19 1776 ,
103 1682 256 1772 bentem,
275 1685 469 1783 Brachyllae
485 1711 633 1768 necem,
654 1700 691 1756 et
709 1684 887 1756 belluina
912 1685 1064 1774 Quintio
1084 1688 1157 1754 Co·

18 1819 19 1842 ÷
103 1819 232 1884 runem,
254 1811 407 1895 propter
420 1821 656 1868 romanorum
673 1796 828 1868 militum
843 1793 978 1880 caedes,
997 1794 1133 1864 illatum
1147 1820 1157 1876 ;

102 1931 224 1979 revera
242 1932 311 2005 per
327 1907 440 1976 multa
453 1908 528 2002 jam
546 1906 673 1977 saecula
686 1905 832 2004 publice
851 1905 1091 2003 privatimque
1106 1903 1155 1973 la-

101 2013 197 2088 bante
218 2017 363 2114 egregia
384 2014 570 2113 quondam
594 2015 780 2113 disciplina
799 2016 915 2113 gentis
925 2025 952 2101 ²,
971 2029 1008 2086 et
1024 2014 1159 2084 multo-

100 2147 170 2194 rum
193 2151 237 2198 eo
262 2141 379 2214 statu,
397 2125 462 2222 qui
480 2125 770 2198 diutumus'esse
788 2127 866 2196 sine
887 2125 1087 2197 mutatione
1101 2147 1157 2192 re-

99 2247 175 2304 rum‘
200 2261 278 2307 non
311 2251 445 2333 posset.
479 2234 633 2305 Obviam
669 2234 792 2306 effusis
822 2234 988 2331 undiquc
1011 2233 1158 2302 Boeortae

99 2346 340 2445 principibus,
369 2344 511 2416 Thebas
536 2347 646 2417 venit.
676 2344 733 2415 lbi
764 2348 803 2415 in
835 2345 989 2417 concilio
1016 2344 1156 2438 gentis,

97 2478 297 2552 quanquam
318 2454 413 2526 etad
431 2447 594 2539 Delium,
613 2455 753 2552 impetu
768 2457 807 2525 in
823 2452 1026 2553 praesidium
1042 2477 1158 2526 roma·

125 2685 147 2732 6.
159 2688 308 2752 Longinquo
321 2685 603 2752 arreilimquodelon·
645 2691 781 2740 mutatione
800 2705 880 2737 rernm
902 2705 952 2738 non
971 2701 1066 2754 posset,
1087 2689 1113 2738 b.
1134 2709 1157 2740 e.

97 2762 436 2836 giuquoveuiret‚utpexpir
450 2767 600 2832 βιέήιιαωιι
645 2771 729 2820 matti·
748 2773 784 2818 ita
803 2785 882 2818 aevum
904 2768 1032 2834 agentibus
1054 2785 1158 2834 eumque

97 2840 226 2900 tutatuta
245 2858 271 2894 et
288 2843 457 2915 παραῧοήθιια
471 2848 498 2896 in
519 2852 600 2898 AEneae
643 2852 794 2914 privatarum
810 2864 892 2898 rerum
915 2859 1006 2896 statum
1024 2847 1157 2897 obtinenti-

97 2922 191 2974 Poliorc.
206 2943 229 2975 c.
245 2926 557 2992 163Iienoph.Cyrop.V‚
572 2938 601 2988 4,
644 2927 702 2984 bue,
717 2937 744 2974 ut
764 2926 860 2990 perdita
878 2925 1002 2989 republica
1022 2925 1072 2974 illie
1094 2942 1157 2991 opus

96 3015 118 3047 ¹¹·
129 3009 157 3064 47
167 3015 207 3061 ‚et
220 3003 312 3068 Polyb.
321 3006 360 3063 11,
375 3005 390 3051 5
396 3003 427 3069 ‚s
437 3021 451 3052 a
460 3038 469 3064 ‚
478 3006 522 3054 ubi
531 3007 598 3055 conf.
644 3016 720 3064 earet,
734 3015 778 3064 ut,
786 3005 834 3052 ulai
845 3003 1021 3068 rempublicam
1031 3006 1157 3056 turbarent

97 3077 392 3148 Schweigb-Legationi
398 3095 450 3132 tam
456 3087 598 3150 perplexe,
645 3093 670 3131 et
686 3095 826 3141 moverent,
839 3095 865 3132 et
883 3083 919 3130 sic
929 3082 1023 3142 iudicia
1035 3100 1063 3132 ac
1075 3085 1157 3149 legum

97 3172 142 3219 quta
148 3170 194 3208 tam
201 3161 324 3226 ambiguae
330 3162 388 3211 fidei
398 3164 475 3224 luret;
484 3181 540 3212 nam
549 3182 600 3214 non
644 3161 722 3212 minae
730 3161 877 3225 effugerent,
892 3177 962 3208 suum
971 3172 1059 3209 etatum
1068 3180 1157 3227 prope-

20 3289 21 3300 ,
96 3249 166 3300 aperte
178 3252 203 3288 et
216 3241 328 3300 sincere,
341 3241 385 3290 aed
399 3253 464 3290 tecte
481 3255 506 3291 et
522 3255 601 3292 aatute
645 3241 710 3289 diem
730 3251 824 3288 motum
849 3252 874 3289 et
897 3255 1006 3288 eversum
1029 3239 1155 3292 riderent:

97 3318 307 3376 agaevidebatur.
319 3321 366 3368 Eu.
644 3319 728 3385 quales
737 3320 853 3369 describit
864 3319 1155 3372 Sallaectnbeltocattt.

125 3395 181 3445 Cae.
191 3400 238 3448 VI.
251 3414 274 3447 r.
290 3399 381 3447 Caum
396 3400 423 3447 ιἰι
435 3401 538 3465 speeiem
556 3401 600 3450 iroe
644 3410 670 3448 et
682 3399 770 3450 Cicero
785 3399 811 3446 in
823 3400 895 3448 Catil.
907 3402 946 3458 H,
957 3399 1088 3464 qualesque
1099 3401 1157 3465 piu·

97 3470 163 3532 (vide
181 3476 213 3524 ad
233 3479 288 3534 VI,
311 3486 357 3535 rt,
380 3495 405 3525 n.
428 3477 600 3543 a)adversu.i
644 3489 705 3543 gunt
716 3479 872 3542 luatigatorea
883 3479 996 3543 facesque
1006 3479 1086 3526 civilia
1099 3481 1157 3528 belli

95 3550 209 3603 Romanos
230 3571 286 3613 eas,
308 3573 370 3620 quas
390 3569 449 3604 ante
468 3557 536 3615 diaa',
552 3569 598 3606 etc.
644 3559 739 3618 Cama,
767 3557 909 3616 Sallustius,
930 3560 1054 3614 Lucanus,
1074 3561 1159 3607 Petro·

96 3629 182 3680 ridead
189 3636 323 3693 XXXIII,
333 3651 428 3698 amp,
442 3647 468 3684 et
476 3639 598 3696 XXXIV,
643 3637 715 3695 niua3
727 3637 805 3684 Gron.
825 3637 882 3684 coll.
897 3637 1008 3694 XXXV,
1020 3637 1068 3692 34,
1081 3653 1107 3684 ιι.
1127 3641 1158 3695 3,

97 3713 131 3768 l7·
144 3712 184 3759 Ad
195 3729 265 3777 seqq·
281 3714 349 3762 conl.
364 3713 451 3779 Polyb.
461 3717 528 3774 XX,
539 3723 599 3778 t-p,
643 3716 728 3773 XLII,
739 3715 772 3762 30
783 3731 790 3773 ;
801 3716 902 3762 Sueten.
916 3715 977 3762 Οτι.
989 3729 1032 3774 ιι,
1050 3725 1075 3762 et
1090 3715 1156 3779 iupr.

96 3787 132 3847 qui
143 3791 238 3856 singula
249 3793 327 3840 fusius
336 3793 418 3842 tradit.
528 3821 531 3830 ι
643 3793 700 3842 luco
712 3796 810 3859 egregio
819 3795 908 3860 Polyb.
917 3795 983 3852 XX,
993 3796 1024 3852 6,
1035 3796 1065 3844 de
1075 3796 1145 3861 perdi
1155 3823 1157 3828 2

124 3882 146 3914 a.
154 3871 255 3920 Publice
258 3872 600 3939 privatimquelabanteegre-
644 3885 671 3921 tu
687 3875 748 3938 reip.
763 3875 907 3923 Boeotorum
920 3885 993 3922 statu.
1006 3859 1075 3924 idem
1088 3878 1158 3937 conj.
1212 3924 1219 3938 ¹

91 3943 128 4005 gia
143 3950 269 4011 quondam
285 3949 415 4016 discplina
431 3952 511 4016 gentis
525 3953 599 4018 (vide
644 3953 767 4001 labantem
777 3953 900 4018 egregiam
909 3972 933 4019 q.
940 3953 1093 4018 ditcr'plt'uam
1101 3972 1159 4020 gen-

22 4031 26 4133 ,
95 4022 121 4068 td
131 4027 199 4074 Prael'.
215 4045 241 4077 n.
257 4030 287 4076 13
296 4028 320 4093 ),
333 4041 358 4076 et
369 4029 498 4078 multorum
509 4047 538 4079 eo
550 4043 601 4080 sta·
646 4031 676 4080 tis
694 4044 719 4080 et
735 4033 864 4081 militorum
874 4049 928 4081 eum
939 4045 1043 4092 atacem,
1053 4053 1088 4083 ac.
1100 4047 1157 4080 cau·

95 4111 117 4145 1¹¹
127 4117 243 4166 praesente
256 4107 384 4156 homiuum
404 4120 476 4172 atque
488 4110 601 4174 inprimis
646 4127 684 4159 aas
696 4111 755 4159 belli
773 4109 913 4161 habentem.
932 4115 1011 4161 Immo
1027 4114 1157 4162 »atticorum

96 4178 156 4228 domi
165 4185 298 4245 nubilium,
309 4186 485 4250 quidirtturnus
492 4205 541 4236 csse
550 4189 602 4238 sine
646 4205 674 4237 eu
684 4201 766 4247 statu,
778 4207 812 4238 ac.
822 4193 952 4240 exsistente
961 4207 968 4250 ;
977 4192 1052 4240 Drak.
