2848 4958
125 437 151 534 l:
162 433 189 535 l:
204 447 254 535 3212
285 455 372 523 Lis.
399 445 562 524 xxxvl.
592 452 690 521 car.
720 453 869 520 xxxu.
895 449 1061 520 xxxru.
1135 449 1179 548 57

99 573 318 674 «plectendi
341 574 429 647 hino
455 573 657 660 excedatis,
683 571 782 644 nuda
806 571 911 644 vobis
937 571 1077 659 omnia,
1100 597 1182 670 quae

97 719 113 754 a
126 703 231 758 extra
246 689 337 773 sint,
355 699 392 757 et
413 686 577 783 exposita
593 684 639 755 ad
653 708 780 756 omnes
794 685 887 756 ictus
905 706 994 754 esse.
1011 711 1028 747 t>
1047 687 1178 754 Assen-

97 800 212 870 tiente
242 797 346 868 omni
374 797 530 868 concilio
544 817 562 883 ,·
582 819 651 868 nec
682 793 875 894 Diophane
907 793 1002 865 ultra
1029 793 1180 866 tendere

1 967 2 978 ,
95 933 208 997 auso,
228 907 435 1004 Zacynthus
454 911 626 979 Romanis
644 907 811 980 traditur.

142 1023 312 1090 XXXIII.
334 1025 402 1090 Per
424 1017 522 1091 idem
545 1033 691 1117 tempus
713 1016 908 1116 Philippus
926 1041 1013 1103 rex,
1031 1013 1181 1113 prolici-

95 1144 262 1202 soentem
278 1130 468 1201 consulem
485 1128 530 1200 ad
548 1133 782 1225 Naupactum
803 1140 1061 1226 percunctatus
1074 1179 1084 1213 ,
1099 1127 1130 1194 si
1143 1138 1181 1196 se

95 1240 267 1326 interim,
286 1263 368 1336 quae
386 1239 603 1312 defecissent
622 1238 668 1310 ah
688 1240 859 1310 societate
876 1261 1046 1325 romana,
1066 1235 1179 1308 urbes

95 1350 260 1447 recipere
279 1349 409 1438 vellet,
430 1351 666 1448 permittente
682 1373 745 1437 eo,
764 1347 811 1418 ad
829 1345 1097 1420 Demetriadem
1117 1370 1178 1416 eo·

96 1462 173 1558 pias
197 1459 379 1547 admovit,
403 1459 502 1530 haud
524 1462 691 1557 ignarus,
708 1471 845 1557 quanta
861 1456 913 1528 ibi
929 1471 1009 1526 tum
1028 1471 1176 1553 pertur-

1 1607 2 1630 κ
95 1569 197 1640 batio
216 1585 322 1642 esset.
347 1571 520 1642 Destituti
539 1572 637 1642 enim
656 1569 701 1640 ab
721 1570 823 1640 omni
845 1591 909 1666 spe
922 1579 948 1657 ¹,
972 1591 1088 1664 quum
1114 1567 1175 1638 de-

96 1693 213 1750 sertos
236 1704 275 1750 se
300 1679 346 1753 ab
372 1680 574 1770 Antiocho,
602 1703 704 1779 spem
728 1681 866 1751 nullam
889 1681 928 1751 in
951 1680 1077 1750 AEtolis
1098 1705 1175 1754 esse

1 1799 2 1838 ἓ
95 1805 313 1880 cernerent,
332 1791 409 1862 dies
426 1807 627 1888 noctesque
645 1806 708 1862 aut
730 1791 888 1890 Philippi
906 1789 1022 1861 hostis
1037 1790 1174 1862 adven-

94 1916 195 1990 tum,
215 1915 278 1974 aut
298 1900 522 1974 infestiorem
541 1904 672 1990 etiam,
696 1929 771 2000 quo
792 1903 925 1998 justius
945 1903 1026 1974 irati
1048 1915 1172 1988 erant,

93 2003 345 2082 Romanorum
368 2011 638 2114 exspectabant.
664 2012 787 2083 Turba
813 2025 898 2084 erat
911 2011 964 2083 ibi
983 2011 1172 2084 incondita

1 2215 2 2218 Ἴ
92 2123 300 2220 regiorum,
315 2124 396 2219 qui,
407 2125 529 2221 primo
541 2124 648 2220 pbuci
661 2124 701 2192 in
714 2123 881 2219 praesidio
894 2123 1030 2226 relicti,
1045 2135 1172 2218 postea

91 2233 237 2330 plures,
255 2231 423 2331 plerique
441 2235 617 2321 inermes,
635 2257 681 2304 ex
698 2231 825 2334 praelio
845 2229 997 2302 adverso
1012 2229 1096 2328 fuga
1109 2226 1172 2300 de·

1 2369 2 2372 ¹
92 2342 172 2434 lati,
192 2367 262 2415 nee
282 2345 434 2435 virium,
454 2369 522 2416 nec
538 2343 651 2415 animi
666 2343 751 2414 satis
770 2341 815 2413 ad
832 2341 1063 2413 obsidionem
1079 2341 1170 2412 tole·

90 2453 245 2525 randam
263 2453 461 2526 habebant.
483 2459 612 2551 Itaque
630 2453 823 2552 praemissis
847 2476 869 2522 a
893 2450 1084 2549 Philippo,
1104 2451 1169 2547 qui

1 2633 2 2646 ,
90 2587 196 2662 spem
215 2565 453 2662 impetrabilis
469 2566 591 2636 veniae.
609 2563 873 2652 ostendebant,
896 2563 1169 2662 responderunt

89 2690 217 2772 patere
237 2690 361 2772 portas
376 2677 464 2772 regi.
482 2673 538 2746 Ad
557 2676 717 2772 primum
738 2674 816 2768 ejus
839 2675 1043 2770 ingressum
1064 2672 1168 2770 prin·
1240 2700 1243 2708 ·

1 2789 2 2822 ³
89 2788 216 2881 cipum
229 2786 379 2882 quidam
393 2785 486 2856 urhe
503 2798 754 2874 excesserunt3
769 2783 996 2881 Eurylochus
1009 2798 1166 2854 mortem

88 2893 159 2964 sibi
180 2896 366 2965 conscivit.
388 2894 558 2966 Antiochi
576 2895 707 2966 milites
724 2895 797 2991 (sic
813 2896 910 2964 enim
926 2896 1023 2993 pacti
1040 2895 1168 2987 erant)

88 3029 155 3101 per
175 3004 427 3076 Macedoniam
449 3004 736 3102 Thraciamque,
758 3002 1067 3102 prosequentibus
1088 3007 1166 3073 Ma-

88 3113 309 3206 cedonibus,
324 3143 371 3188 ne
386 3117 468 3214 quis
483 3141 546 3188 eos
558 3115 730 3204 violaret,
742 3114 1005 3211 Lysimachiam
1020 3111 1167 3186 deducti

88 3239 188 3295 sunt.
203 3230 316 3296 Erant
335 3241 371 3298 et
390 3251 515 3324 paucae
528 3252 639 3299 naves
656 3224 908 3314 Demetriade,
925 3225 1060 3322 quihus
1081 3251 1168 3324 prae-

87 3351 164 3408 erat
184 3338 344 3410 Isidorus
362 3366 370 3408 :
390 3363 440 3408 eae
459 3362 609 3436 quoque
633 3363 716 3410 cum
735 3335 906 3436 praefecto
925 3363 992 3408 suo
1011 3335 1165 3408 dimissa

86 3461 186 3524 sunt,
213 3445 304 3518 Inde
327 3447 522 3547 Dolopiam
550 3464 587 3522 et
613 3449 871 3549 Aperantiam²
897 3463 932 3520 et
955 3447 1164 3520 Perrhaebiae

1 3555 2 3574 i
87 3556 264 3652 quasdam
282 3559 444 3630 civitates
462 3561 610 3657 recepit.

121 3791 183 3840 Car.
205 3794 331 3842 xxxm.
357 3811 380 3842 1.
401 3795 442 3842 Ab
464 3794 602 3858 omui'spe,
649 3795 728 3858 plum.
751 3797 789 3843 Eo
809 3796 885 3844 latere
902 3805 987 3860 potest
1006 3796 1033 3842 in
1052 3793 1093 3842 ibi.
1118 3795 1163 3844 En.

85 3871 149 3919 lorte
163 3889 224 3936 ope,
243 3884 269 3920 et
283 3889 345 3922 mox
362 3873 532 3939 insertionem
549 3877 603 3925 Joo.
685 3891 709 3922 o.
720 3874 828 3938 Dolopia
846 3885 871 3925 et
883 3873 1022 3937 Aperantia
1032 3873 1164 3921 Thessaliae

86 3950 165 3999 Gron.
188 3978 223 3988 -
241 3953 324 4000 Turba
340 3953 468 4002 abcondita
481 3954 491 4021 (
502 3953 558 4004 vide
571 3953 604 4002 ad
648 3953 734 4012 urbes,
746 3953 787 4009 illa
800 3952 927 4005 infinibus
939 3953 1044 4002 Paeoniae
1056 3953 1165 4016 autEpi·

84 4029 163 4089 m,
174 4030 206 4090 57
217 4064 224 4088 ,
236 4047 263 4079 n.
281 4047 310 4078 11
322 4030 333 4096 )
344 4032 479 4098 regiorum
495 4033 601 4082 militum
648 4034 681 4092 ri,
690 4035 744 4084 haeo
751 4033 855 4085 AEtoliae.
865 4034 938 4084 conf.
949 4033 1039 4097 Polyb,
1048 4034 1112 4089 XX,
1124 4048 1164 4088 11,

84 4106 423 4178 Antiochi—Dolaeisuppl.
433 4129 476 4168 eo,
486 4113 527 4168 vel
535 4113 601 4165 aliud
645 4121 672 4162 'st
680 4115 756 4165 Drak.
767 4115 799 4164 ad
807 4115 833 4164 h.
843 4109 862 4163 l.
873 4125 896 4162 et
906 4117 991 4165 XLIII
1000 4149 1008 4177 ,
1019 4131 1050 4162 aa
1057 4124 1162 4182 'exto—-

85 4185 121 4234 rei
132 4191 299 4241 conveniens:
313 4192 357 4240 sed
369 4207 421 4242 nou
430 4192 510 4242 habeo
519 4210 601 4244 exem·
646 4195 787 4258 Aperantia
801 4211 855 4257 quae
866 4195 898 4242 sit
913 4196 994 4258 regio,
1013 4195 1125 4258 ignorare
1139 4209 1163 4238 se
