2848 4958
120 415 246 516 alat:
330 435 482 506 traua
509 435 686 504 xxxvl.
707 434 813 504 car.
836 433 937 502 xiv.
1112 454 1156 526 η

93 556 299 678 praesidium
323 556 484 652 regium,
509 571 547 626 et
568 580 651 627 cum
676 555 719 628 iis
736 555 964 648 Athamanes.
987 551 1043 624 Ab
1061 553 1160 622 Lim·

1 743 2 746 ,
92 671 170 736 nara
192 666 400 738 Pellinaeum
424 665 552 738 consul
575 665 825 763 proficiscitur.
849 663 906 734 Ibi
922 664 1031 762 prinu
1020 660 1160 732 Atha-

1 805 2 896 p
90 801 217 846 manes
236 776 463 848 tradiderunt
478 801 574 864 sese,
595 776 726 848 deinde
744 791 780 848 et
795 775 982 872 Philippus
1000 771 1160 868 Megalo-

1 929 2 946 .
90 887 295 983 politanus:
316 889 395 974 cui,
418 887 607 958 decedenti
624 884 670 958 de
688 887 871 984 praesidi0,
894 908 1009 982 quum
1030 882 1161 953 obvius

90 993 186 1066 forte
204 994 331 1068 fuisset
348 996 534 1094 Philippus
551 1022 634 1088 rex,
654 998 698 1070 ad
717 996 917 1068 ludibrium
934 1019 1055 1089 regem
1075 1017 1160 1065 eum

90 1107 310 1179 consalutari
320 1107 446 1202 jussit3
460 1109 539 1204 ipse
555 1133 767 1206 congressus
781 1105 947 1190 fratrem,
961 1103 1060 1174 haud
1074 1109 1160 1173 san'e

90 1219 221 1290 decoro
242 1219 418 1313 majestati
436 1242 506 1289 suae
521 1219 626 1312 joco,
647 1218 851 1316 appellavit.
871 1214 1059 1287 Deductus
1074 1211 1161 1282 inde

90 1328 134 1399 ad
152 1329 343 1400 consulem
363 1326 535 1399 custodiri
553 1329 692 1422 jussus,
715 1341 751 1398 et
767 1325 867 1397 haud
881 1327 930 1396 ita
945 1323 1062 1394 multo
1077 1336 1159 1419 post

90 1440 126 1508 in
147 1439 305 1509 vinculis
331 1441 482 1508 Romam
510 1439 650 1509 missus.
674 1444 811 1512 Caetera
832 1434 1028 1506 multitudo
1047 1432 1159 1503 Atha-

1 1631 2 1646 *
89 1573 240 1620 manum
258 1563 320 1619 aut
335 1547 488 1642 militum
506 1548 675 1619 Antiochi
692 1548 807 1644 regis,
829 1570 910 1643 quae
928 1546 966 1613 in
985 1541 1158 1640 praesidiis

1 1667 2 1748 ζ
90 1641 298 1730 deditorum
314 1685 381 1756 per
401 1682 463 1729 eos
488 1656 567 1728 dies
590 1657 809 1782 oppidorum
830 1655 968 1742 fuerat,
989 1651 1156 1749 Philippo

1 1751 2 1824 l
90 1769 219 1841 tradita
237 1771 314 1867 regi
331 1785 395 1840 est.
415 1773 530 1840 Fuere
547 1783 666 1840 autem
683 1768 729 1838 ad
743 1768 811 1838 tria
826 1764 936 1836 millia
949 1763 1153 1833 hominum.

89 1880 228 1951 Consul
254 1879 430 1950 Larissam
455 1893 509 1948 est
533 1877 738 1975 profectuS‚
764 1877 885 1948 ibide
910 1893 1048 1946 summa
1071 1868 1159 1940 belli

87 1991 369 2061 consultaturus.
392 1995 436 2060 In
456 1990 585 2061 itinere
605 1988 650 2059 ab
675 1989 788 2059 Pieria
807 2000 842 2058 et
863 1983 1082 2080 Metropoli²
1106 1980 1155 2050 le·

1 2131 2 2134 ¹
86 2102 161 2196 gati
194 2100 377 2170 tradentes
410 2098 520 2170 urbes
552 2123 632 2194 suas
663 2112 911 2169 occurrerunt.
947 2094 1154 2190 Philippus,

1 2245 2 2262 ¹
85 2211 329 2282 Athamanum
360 2211 538 2308 praeeipue
569 2211 717 2306 captivis
743 2206 974 2304 indulgenter
999 2202 1154 2288 habitis,

1 2331 2 2334 ’
83 2335 125 2390 ut
145 2344 214 2418 per
234 2343 296 2390 eos
314 2319 521 2390 conciliaret
539 2332 705 2415 gentem,
723 2331 850 2390 nactus
868 2340 971 2414 spem
992 2314 1155 2384 Athama-

82 2432 153 2498 niae
172 2428 376 2527 potiundae,
392 2430 591 2500 exercitum
604 2454 649 2500 eo
665 2427 788 2516 duxit,
810 2427 1000 2525 praemissis
1018 2428 1055 2493 in
1069 2427 1157 2495 eivi'-

80 2553 177 2632 tates
202 2538 361 2636 captivis.
387 2543 432 2608 Et
454 2539 506 2608 illi
524 2563 690 2636 magnam
708 2539 957 2608 auctoritatem
977 2533 1073 2631 apud
1091 2541 1155 2629 po'-

80 2648 229 2744 pulares
248 2645 477 2736 habuerunt,
499 2647 727 2720 clementiam
747 2672 832 2746 erga
846 2673 883 2718 se
902 2647 997 2744 regis
1010 2641 1156 2714 munifi·

80 2761 313 2854 centiamqne
338 2775 685 2848 commemorantes3
714 2775 751 2830 et
772 2758 1019 2854 Amynander,
1049 2755 1154 2851 cujus

79 2869 269 2968 praesentis
279 2869 446 2964 majestas
460 2870 599 2966 aliquos
613 2871 651 2940 in
666 2867 738 2940 fide
755 2870 1006 2948 continuisset,
1018 2865 1153 2966 veritus

80 3005 128 3051 ne
149 2978 354 3050 traderetur
373 2978 540 3077 Philippo
560 2979 634 3074 jam
653 2979 793 3077 pridem
811 2978 906 3049 hosti
928 2992 964 3048 et
982 2976 1153 3080 Romanis

79 3091 214 3160 merito
233 3103 322 3160 tunc
341 3103 492 3187 propter
512 3087 754 3161 defectionem
777 3088 943 3175 infensis,
966 3111 1049 3157 cum
1073 3111 1155 3156 con·

77 3203 167 3296 juge
188 3223 229 3268 ac
246 3197 368 3272 liberis
385 3224 499 3298 regno
518 3201 687 3286 excessit,
703 3199 1002 3296 Ambraciamque
1019 3222 1055 3267 se
1072 3221 1153 3266 eon-

79 3308 178 3378 tulit.
192 3312 246 3378 lta
258 3307 470 3380 Athamania
482 3311 599 3382 omnis
610 3311 647 3380 in
661 3310 720 3405 jus
732 3299 981 3407 ditionemque
996 3307 1154 3404 Philippi

79 3419 272 3489 concessit.
285 3418 422 3489 Consul
432 3474 441 3507 ‚
451 3419 495 3490 ad
505 3418 697 3490 reficienda
710 3421 865 3490 maxime
873 3421 1055 3514 jumenta,
1071 3441 1155 3513 quae

1 3589 2 3598 ,
79 3543 117 3600 et
129 3530 375 3624 navigatione,
390 3543 425 3601 et
439 3544 566 3626 postea
580 3529 771 3601 itineribus
785 3527 929 3626 fatigata
942 3542 1060 3614 erant,
1072 3551 1154 3623 pau-

80 3665 144 3711 cos
153 3641 299 3711 Larissae
308 3654 468 3710 moratus
478 3639 570 3726 dies,
584 3641 683 3711 velut
695 3655 869 3712 renovato
879 3639 1022 3710 modica
1032 3638 1154 3733 quiete

81 3865 144 3896 rom.
155 3847 232 3896 tribui
244 3849 372 3906 XXXVI,
386 3863 412 3906 r,
425 3859 449 3895 et
460 3849 596 3906 XXXVII,
641 3850 722 3912 inquit
732 3850 849 3912 Doering.
867 3849 893 3895 in
910 3847 1033 3896 Thessalia
1046 3837 1155 3910 ignobile

82 3944 112 3977 a:
134 3943 180 3974 nec
197 3937 279 3974 tamen
295 3925 431 3990 quidquam
446 3926 475 3973 de
488 3939 560 3976 aucto
575 3926 597 3975 ei
641 3929 761 3992 oppidum
772 3928 911 3988 fult3haud
919 3928 992 3975 dubie
1005 3928 1069 3975 enim
1080 3929 1155 3976 multa

80 4023 186 4055 numero
198 4005 305 4053 militum
317 4005 420 4052 moneri.
641 4008 776 4072 antiquitus
798 4009 863 4054 fuere
887 4008 960 4064 loca,
987 4023 1090 4071 quorum
1114 4017 1155 4052 aut

119 4102 143 4134 a.
158 4085 197 4133 Ab
206 4083 291 4132 Pieria
302 4098 328 4132 et
338 4084 469 4148 Metropoli
475 4103 485 4142 ;
500 4086 555 4134 vide
566 4085 596 4134 ad
641 4089 706 4135 nulla
719 4090 835 4144 omniuo,
849 4100 889 4135 aut
900 4088 972 4136 semel
986 4099 1079 4135 tantum
1094 4089 1157 4140 saeta

82 4169 197 4226 xxxtt,
210 4167 241 4214 15
250 4202 257 4224 ‚
266 4183 292 4214 n.
305 4169 487 4214 a.—Fortasse
497 4166 593 4222 Pieria,
642 4179 678 4215 est
687 4169 787 4216 mentio.
800 4169 845 4215 Eu.
