2848 4958
254 381 293 452 18
498 439 501 446 ,
672 378 711 444 T.
744 379 882 446 urvn
1165 363 1228 462 tssj
1243 377 1287 463 3311

248 503 294 575 ad
313 524 456 599 regem,
474 498 675 596 principem
699 498 851 570 civitatis
874 501 1105 588 Pausaniam,
1126 500 1310 574 miserunt.

246 617 319 707 Qui
336 634 451 710 quum
467 606 566 680 haud
580 607 763 678 dissimilia
775 607 852 696 his,
871 623 913 680 ut
930 611 968 680 in
984 633 1090 682 causa
1105 611 1218 710 pari1,
1233 637 1311 708 quse
1380 653 1382 658 ·

245 750 314 823 pro
348 717 647 794 Chalcidensibus
677 718 716 786 in
745 716 927 814 colloquio
957 718 1003 790 ad
1027 721 1153 816 Euripi
1178 717 1311 792 fretum

245 837 470 917 dictaerant,
484 828 650 925 quaedam
662 829 769 898 etiam
780 826 954 916 ferocius,
969 830 1115 926 egisset3
1128 855 1192 902 rex
1204 833 1310 902 etiam

245 961 355 1043 atque
373 943 481 1014 etiam
504 938 706 1010 deliberare
728 962 790 1008 eos
805 938 946 1032 jussos,
971 938 1075 1018 neid
1095 940 1234 1010 consilii
1252 965 1310 1014 ca«

243 1067 394 1156 perent‚
420 1049 541 1144 cujus,
566 1048 654 1118 dum
676 1045 896 1118 infuturum
918 1048 1025 1120 nimis
1050 1051 1145 1120 cauti
1170 1063 1207 1120 et
1225 1073 1310 1146 pro·

243 1165 318 1236 vidi
335 1174 474 1247 essent,
489 1158 672 1255 extemplo
691 1157 904 1254 poeniteret,
922 1155 1067 1228 dimisit.
1087 1164 1169 1228 Haec
1181 1184 1311 1232 renun-

244 1279 329 1348 tiata
350 1271 484 1344 Pheras
507 1269 639 1366 legatio
660 1291 776 1365 quum
796 1283 907 1355 esset,
931 1293 977 1340 ne
995 1269 1144 1364 paulum
1162 1269 1309 1366 quidem

242 1385 482 1472 dubitarunt,
498 1380 589 1475 quin
609 1405 677 1477 pro
702 1377 776 1448 fide
798 1401 881 1474 erga
903 1383 1107 1465 Romanos,
1131 1380 1310 1477 quidquid

243 1519 321 1568 sors
344 1491 431 1563 belli
460 1488 619 1576 tulisset,
646 1501 868 1584 paterentur.
895 1492 1021 1583 Itaque
1050 1503 1085 1560 et
1111 1487 1150 1558 hi
1172 1513 1310 1563 summa

242 1629 313 1702 ope
332 1598 507 1699 parabant
528 1621 566 1668 se
590 1595 636 1666 ad
657 1595 787 1666 urbem
810 1592 1095 1685 defendendam,
1121 1613 1157 1670 et
1176 1625 1241 1670 rex
1261 1601 1308 1673 ab

240 1713 342 1786 omui
365 1724 479 1822 parteN
493 1705 599 1778 simul
626 1729 839 1802 oppugnare
864 1708 999 1778 moenia
1025 1723 1078 1780 est
1101 1734 1308 1808 aggressus,

241 1839 294 1910 et,
309 1836 350 1892 ut
362 1821 426 1916 qui
440 1817 525 1890 satis
538 1814 756 1913 intelligeret
768 1815 782 1912 (
792 1840 912 1912 neque
927 1818 1024 1888 enim
1038 1817 1190 1890 dubium
1200 1818 1307 1915 erat),
1356 1902 1360 1909 ¹

241 1937 278 2004 in
297 1944 431 2003 eventu
448 1929 526 2023 ejus
545 1925 644 1997 urbis
659 1927 820 2023 positum
834 1949 930 2014 esse,
953 1953 1063 2024 quam
1082 1931 1235 2025 primam
1249 1957 1308 2029 ag-

236 2065 382 2141 gressus
407 2033 520 2127 esse't,
546 2051 608 2107 aut
635 2037 757 2133 sperni
784 2036 915 2108 deinde
941 2037 987 2108 ab
1012 2039 1178 2110 universa
1199 2056 1308 2137 gente

239 2149 511 2238 Thessalorum,
521 2161 583 2218 aut
595 2147 714 2216 timeri
726 2171 779 2233 se,
793 2171 941 2218 omnem
955 2149 1118 2246 undique
1133 2166 1307 2224 terrorem

240 2261 394 2332 obsessis
408 2257 542 2352 injecit.
557 2257 717 2328 Primum
732 2257 909 2354 impetum
924 2262 1205 2362 oppugnationis
1222 2264 1307 2334 satis

238 2381 446 2460 constanter
470 2367 744 2442 sustinuerunt:
770 2365 876 2455 dein,
902 2393 1017 2464 quum
1042 2370 1148 2440 multi
1170 2396 1306 2470 propu-

237 2494 389 2578 gnantes
418 2475 619 2570 caderent,¹
636 2489 698 2546 aut
725 2475 1019 2564 vulnerarentur,
1048 2478 1168 2552 labare
1195 2484 1306 2554 animi

236 2613 390 2686 coepere.
423 2586 592 2657 Revocati
619 2582 761 2664 deinde,
777 2587 1071 2684 castigationibus
1099 2592 1306 2690 principum

236 2699 280 2769 ad
300 2695 605 2796 perseverandum
619 2696 659 2764 iu
676 2698 887 2793 proposito,
902 2697 1028 2768 relicto
1044 2702 1221 2774 exteriore
1240 2705 1308 2774 cir-

236 2809 320 2905 culo
348 2806 464 2894 muri,
491 2803 743 2878 deficientibus
768 2807 843 2900 jam
870 2808 1006 2908 copiis,
1033 2811 1072 2878 in
1093 2811 1305 2884 interiorem

235 2934 376 3016 partem
397 2915 499 2988 urbis
520 2931 799 3001 concesserunt,
826 2919 886 2988 cui
903 2915 1049 2989 brevior
1069 2919 1166 2991 orbis
1185 2926 1307 2994 muni·
1337 2933 1339 2938 '

236 3030 344 3100 tionis
359 3025 610 3120 circumjectus
633 3041 718 3096 erat.
741 3032 928 3098 Postremo
946 3029 1166 3130 victimalis,
1186 3058 1306 3129 quum

236 3144 424 3229 timerent,
447 3163 494 3210 ue
510 3139 546 3208 vi
564 3139 676 3235 captis
698 3137 796 3208 nulla
816 3136 913 3235 apud
935 3138 1109 3210 victorem
1126 3143 1231 3212 venia
1252 3168 1306 3215 es·

236 3266 308 3338 set,
323 3249 540 3321 dediderunt
555 3273 643 3320 sese.
661 3247 760 3317 Nihil
773 3247 859 3319 inde
875 3263 1036 3321 moratus
1049 3277 1129 3338 rex,
1144 3267 1306 3348 quatuor

234 3361 344 3434 millia
362 3374 603 3444 armatorum,
625 3357 713 3427 dum
735 3381 861 3428 recens
887 3372 1005 3429 terror
1025 3375 1137 3447 esset,
1157 3365 1305 3434 Scotus-

234 3497 309 3545 sam
323 3471 428 3542 misit.
446 3473 520 3542 Nec
536 3467 585 3538 ibi
602 3492 705 3537 mora
721 3465 914 3539 deditionis
929 3483 984 3540 est
1002 3467 1096 3540 facta
1106 3480 1134 3557 ²,
1153 3495 1306 3542 cernen-

269 3650 330 3698 Cir.
342 3649 388 3694 tx.
403 3661 425 3694 1.
441 3649 472 3694 Ut
484 3645 509 3693 in
520 3660 596 3692 causa
601 3643 663 3706 pari
666 3663 677 3702 ,·
686 3644 743 3692 vide
787 3661 858 3692 mora
866 3645 997 3695 deditionis
1008 3657 1074 3694 recte
1083 3647 1183 3710 quidem
1194 3646 1303 3710 dicitur,

233 3729 265 3776 ad
273 3730 349 3787 VIII,
362 3729 481 3785 30,n.7.
495 3751 528 3760 -
540 3724 658 3785 Quaerpro
670 3722 743 3771 ctat·
787 3734 815 3771 ut
833 3724 900 3788 apud
920 3724 977 3772 Sall.
996 3725 1056 3789 Jug.
1081 3740 1127 3787 29,
1147 3743 1231 3774 verum
1250 3728 1304 3776 alio

232 3807 367 3855 cidensibns
383 3803 408 3851 iu
421 3801 558 3866 colloquio,
572 3812 619 3848 etc.
637 3803 692 3849 vide
710 3802 743 3849 ad
786 3819 871 3862 sensu,
891 3804 957 3854 Dttk.
969 3807 1063 3854 «Forte
1082 3821 1152 3852 mora
1169 3805 1305 3856 deditionis

232 3888 343 3944 XXXV,
356 3884 397 3938 46.
786 3898 837 3930 non
852 3895 947 3931 tantum
960 3886 1039 3932 active
1054 3884 1103 3932 (liei
1118 3896 1200 3949 potest
1213 3902 1304 3946 mora,

267 3983 291 4013 α.
299 3967 351 4012 Nec
360 3961 395 4009 iti
402 3976 473 4008 mora
481 3957 611 4006 deditionis
620 3959 739 4024 estfacta,
785 3977 857 4024 quam
866 3962 941 4012 infert
950 3963 1044 4013 deditio
1052 3999 1059 4023 ‚
1067 3963 1110 4013 aed
1119 3965 1191 4012 etiam
1202 3965 1304 4029 passive

229 4048 293 4093 forte
311 4039 443 4096 deditioni,
465 4047 494 4086 ut
516 4039 570 4097 111,
584 4055 615 4100 ²3
634 4041 741 4100 1v‚13;
784 4055 865 4100 mora,
880 4057 935 4104 quas
952 4043 1057 4090 infertur
1073 4041 1207 4103 deditioni,
1221 4054 1249 4091 ut
1253 4043 1304 4110 fa

229 4125 281 4182 vl,
296 4124 342 4181 313
362 4119 491 4176 xxvtn,
505 4119 668 4179 73XL11,.7:
683 4135 739 4168 narn
782 4121 838 4168 'cerr
850 4137 945 4170 moram
958 4121 1095 4172 dimicandi
1100 4133 1125 4172 et
1138 4123 1306 4172 concurrendi
