2848 4958
236 399 258 480 4

190 559 193 568 ‹
233 519 468 617 precarique,
487 515 587 614 quod
604 531 748 588 senatus
766 516 811 586 de
827 539 925 585 novo
941 513 1038 586 bello
1055 516 1093 585 in
1108 517 1229 587 animo
1243 517 1300 592 lta-

233 629 358 714 beret,
379 643 420 698 nt
446 653 562 698 eures
581 628 721 696 senatui
741 625 954 724 populoque
973 650 1126 698 rontano
1148 624 1243 698 bene
1264 652 1303 698 ac

234 737 386 810 feliciter
414 740 585 808 eveniret.
611 741 660 806 Ea
685 738 807 807 omnia
831 735 1003 806 sacrificia
1030 736 1107 806 laeta
1133 734 1303 818 suerunt,

235 851 434 947 primisque
450 849 575 918 hostiis
589 847 798 944 perlitatum
816 859 887 932 est;
909 861 945 916 et
967 846 1015 915 ita
1034 839 1242 943 haruspices
1256 871 1305 916 re·

235 959 480 1056 sponderent,
499 983 544 1028 eo
562 958 660 1028 bello
678 957 855 1028 terminos
870 956 1000 1054 populi
1017 958 1158 1027 romani
1176 979 1303 1055 propa-

236 1069 332 1166 gari,
348 1069 534 1138 victoriam
551 1092 591 1136 ac
606 1065 832 1162 triumphum
850 1065 1004 1136 ostendi.
1022 1071 1104 1136 Haec
1118 1091 1231 1163 quum
1246 1093 1302 1139 re·

235 1175 399 1248 nuntiata
419 1193 555 1261 essent,
576 1179 703 1248 solutis
719 1176 892 1273 religione
908 1178 1057 1262 animis,
1075 1181 1195 1248 Patres
1208 1203 1303 1272 roga-

236 1291 373 1359 tionem
385 1284 429 1360 ad
439 1286 714 1386 populumferri
720 1287 920 1380 jusserunt:
937 1283 1301 1383 Vellentjuberentne‚

234 1424 317 1468 cum
326 1400 509 1470 Antiocho
520 1424 622 1493 rege,
638 1404 774 1493 quique
786 1407 920 1468 se‘ctam
930 1401 1007 1492 eJ'm
1019 1405 1163 1494 sequuti
1172 1417 1304 1485 essent,

236 1511 391 1580 bellum²
410 1512 521 1580 ιἠίνί.Ω
542 1511 571 1577 si
590 1533 631 1578 ea
649 1508 790 1604 rogatio
806 1508 944 1605 perlata
959 1523 1071 1592 esset,
1090 1523 1189 1598 tum,
1209 1512 1238 1579 si
1256 1511 1305 1578 ita

233 1619 420 1689 videretur
438 1616 669 1702 consulibus,
696 1641 772 1686 rem
795 1618 972 1713 integram
995 1618 1040 1689 ad
1062 1635 1227 1690 senatum
1248 1644 1303 1690 re·
1345 1633 1348 1638 ’

235 1728 383 1799 ferrent.
410 1732 449 1798 P.
475 1727 668 1796 Cornelius
687 1751 766 1796 eam
785 1731 1009 1823 rogationem
1029 1728 1188 1826 pertulit.
1212 1734 1304 1798 Tum

235 1855 381 1909 senatus
396 1838 574 1924 decrevit,
593 1851 634 1906 ut
649 1837 816 1908 consules
830 1839 966 1908 Italiam
985 1854 1021 1908 et
1035 1841 1208 1909 Graeciam
1224 1865 1305 1936 pro·

234 1950 368 2018 vincias
392 1950 631 2034 sortirentur3
655 1948 713 2016 cui
739 1948 875 2018 Graecia
898 1949 1092 2036 evenisset,
1115 1963 1156 2018 ut
1178 1965 1306 2043 praeter

236 2077 319 2128 eum
346 2081 538 2129 numerum
562 2057 740 2142 militum,
767 2079 877 2151 quem
906 2061 946 2126 L.
973 2056 1142 2146 Quintius
1167 2056 1304 2125 ineam

236 2167 456 2263 provinciam
486 2191 531 2235 ex
557 2167 770 2236 auctoritate
799 2180 942 2235 senatus
965 2166 1162 2262 scripsisset
1188 2167 1303 2261 irnpe-

234 2273 425 2362 rassetve3,
444 2290 485 2345 nt
503 2300 587 2346 eum
605 2278 802 2346 exercitum
822 2275 1017 2371 acciperet,
1038 2299 1147 2370 quem
1165 2279 1214 2343 M.
1235 2280 1307 2344 Bm-

234 2385 317 2456 bius
336 2399 468 2483 praetor
487 2410 583 2456 anno
602 2373 721 2481 priore
739 2410 783 2454 ex
797 2383 1111 2454 senatusconsulto
1131 2385 1167 2452 in
1184 2387 1304 2452 Mace-

234 2497 381 2570 doniam
405 2499 611 2590 trajecisset.
635 2502 678 2588 Et
701 2499 802 2568 eitra
827 2497 963 2566 Italiam
987 2497 1221 2594 permissum,
1245 2509 1305 2578 ut,

235 2609 264 2676 si
278 2627 335 2678 res
351 2608 587 2702 postulasset,
605 2607 736 2679 auxilia
754 2605 799 2676 ab
814 2605 940 2692 sociis,
956 2631 1002 2676 ne
1018 2630 1126 2702 supra
1141 2605 1307 2700 quinque

234 2718 388 2788 millium
404 2743 617 2804 numerum,
638 2719 825 2815 acciperet.
847 2721 886 2786 L.
904 2717 1094 2808 Quintium
1109 2717 1308 2812 superioris

234 2831 320 2898 anni
347 2828 534 2900 consulem
564 2828 673 2925 legari
700 2829 744 2898 ad
772 2828 809 2896 id
837 2827 1002 2898 bellumt
1028 2826 1173 2924 placuit.
1203 2825 1309 2895 Alter

234 2937 381 3023 consul,
400 2939 459 3007 cui
481 2937 581 3007 Italia
602 2939 788 3034 provincia
802 2939 995 3021 evenisset,
1015 2959 1098 3006 eum
1117 2935 1210 3004 Boiis
1227 2935 1306 3029 jus-

135 3095 139 3112 .
234 3073 294 3118 sus
314 3047 451 3119 bellum
472 3073 613 3146 gerere,
637 3062 721 3120 utro
742 3049 902 3119 exercitu
927 3045 1054 3116 mallet
1072 3071 1117 3115 ex
1137 3043 1307 3132 duobus,

234 3183 327 3253 quos
346 3157 551 3254 superiores
572 3159 739 3233 consules
754 3156 982 3254 habuissent3
999 3155 1152 3226 alterurn
1168 3167 1208 3224 nt
1224 3155 1307 3226 mit-

233 3348 379 3410 quibusdam
395 3348 492 3410 templls
509 3347 655 3394 lectisternia
669 3349 745 3396 indici
788 3361 825 3396 set
835 3367 848 3396 e
858 3345 954 3397 cirilrus
966 3349 1133 3412 imperassetve
1143 3348 1217 3396 noello
1227 3347 1307 3412 (eon-

234 3425 305 3474 solita
314 3425 401 3481 tumn
412 3415 436 3473 el
446 3425 518 3485 hujus
527 3425 622 3488 generis
628 3427 744 3474 lectisten
789 3431 833 3478 fler.
849 3445 902 3493 cap.
915 3427 931 3476 3
943 3439 1003 3476 extr.
1013 3425 1023 3490 )
1032 3461 1039 3485 ‚
1049 3439 1077 3474 ut
1086 3443 1140 3474 enm
1151 3427 1286 3475 exercitum
1294 3464 1305 3484 ,

233 3506 302 3552 nium
311 3505 392 3554 notari
405 3505 432 3550 in
442 3505 590 3552 Kalendnrio
599 3505 684 3572 Idibus
692 3505 744 3553 No·
790 3521 838 3569 etc.
849 3509 898 3555 hoe
908 3507 1081 3570 ιιτπλςονάζει,
1093 3518 1121 3554 ut
1131 3508 1220 3572 passim
1230 3523 1237 3566 ;
1247 3509 1310 3556 vide

234 3584 314 3631 vemh.
332 3581 370 3630 lais
387 3584 478 3631 verbis:
500 3583 595 3648 epttlum
610 3585 741 3644 indictum,
788 3585 1309 3654 adXXII,11,n.a);sedequibustlam

233 3679 322 3726 nempe
330 3661 386 3725 diis.
397 3657 744 3727 En.—Host'iisuperlitneum
787 3662 856 3712 libris
872 3659 937 3712 recte
954 3667 1037 3713 forsan
1058 3666 1162 3726 ejectum
1177 3666 1257 3728 :quin
1279 3678 1309 3714 et

233 3753 282 3798 est,·
294 3741 351 3788 vide
361 3741 393 3788 utI
402 3742 435 3800 V,
449 3743 481 3790 38
489 3775 496 3800 ,
505 3759 530 3789 n.
545 3759 565 3790 1.
787 3745 900 3809 proxime
912 3745 1053 3808 praecedens
1065 3756 1092 3792 ut
1103 3744 1186 3792 abesse
1197 3755 1310 3808 poterat.

268 3836 293 3866 a.
306 3820 400 3868 Vellent
417 3820 562 3885 juberentue
581 3838 635 3868 eum
655 3822 743 3870 Antio·
824 3831 849 3877 4.
863 3826 892 3870 L.
909 3823 1072 3884 Qttintium...
1087 3823 1165 3888 legari
1173 3823 1245 3870 adid
1253 3823 1309 3870 bel-

231 3899 356 3962 chorege,
372 3899 462 3963 quique
475 3888 565 3948 sectam
583 3901 634 3961 ejus
649 3901 745 3963 sequuti
789 3902 855 3959 Itum
879 3903 914 3948 sie
934 3904 963 3951 Τ.
982 3902 1135 3964 Quimioin
1154 3901 1310 3949 Macedonia

232 3987 323 4033 essene,
339 3979 426 4024 bellum
441 3979 511 4036 infru
526 3980 581 4026 vIde
594 3979 625 4026 act
638 3981 743 4034 XXIX,
787 3978 878 4028 bellurn
897 3981 990 4042 gerenti
1002 3981 1076 4044 legati
1093 3998 1124 4028 ex
1142 3982 1206 4028 SCto
1223 3980 1311 4027 additi

233 4058 280 4116 2'7‚
292 4073 317 4104 n.
329 4072 357 4114 a,
370 4068 394 4104 et
406 4045 559 4115 XXXVIII,
571 4059 603 4112 48
613 4090 619 4113 ‚
628 4073 651 4102 n.
666 4057 689 4103 5.
786 4057 906 4115 XXXII,
919 4061 950 4106 28
966 4071 1028 4107 extr.
1046 4071 1070 4106 et
1084 4073 1148 4123 saepe
1160 4059 1213 4106 aliis
1223 4061 1310 4123 impe-

266 4137 289 4182 3.
301 4135 342 4182 Ee
358 4135 504 4184 auctoritate
519 4147 616 4182 senatus
634 4135 741 4199 sc'ripn's-
787 4139 973 4186 tatoribnsznec
982 4141 1096 4186 tamenL.
1104 4139 1200 4199 Quintil
1212 4137 1312 4186 deinde
