2848 4958
226 457 252 526 s
655 459 693 522 r.
728 457 869 523 mvn
1137 437 1265 537 tsttt'.

200 593 323 662 sunt.
358 579 408 648 M.
437 578 545 647 lunio
572 580 683 646 Bruto
710 573 912 669 jurisdictio
944 569 1127 669 utraque⁵
1151 575 1292 656 evenit,

226 693 268 758 A.
289 685 459 761 Cornelio
477 685 679 756 Mammulae
697 685 843 772 Bruttii,
861 687 909 754 M.
927 683 1067 754 AEmilio
1085 683 1224 780 Lepido
1241 686 1293 756 Si-

226 798 326 880 cilia,
349 801 388 866 L.
414 797 537 895 Oppio
556 795 744 866 Salinatori
768 792 949 880 Sardinia,
971 797 1010 865 C.
1032 795 1135 864 Livio
1156 795 1292 865 Salina-

227 907 298 977 tori
315 904 450 994 classis,
465 909 501 975 L.
517 904 657 974 AEmilio
669 903 792 974 Paullo
807 903 977 1000 Hispania
990 902 1150 974 ulterior.
1167 905 1229 974 His
1242 905 1292 974 ita

225 1017 404 1088 exercitus
422 1015 634 1086 decretin.
654 1013 824 1084 Cornelio
843 1013 929 1082 novi
946 1009 1112 1098 milites⁶,
1132 1015 1291 1084 conscri-

224 1127 278 1223 pti
296 1125 417 1223 priore
436 1147 533 1194 anno
552 1149 597 1194 ex
614 1121 928 1194 senatusconsulto
947 1145 967 1192 a
983 1127 1025 1193 1..
1040 1123 1190 1213 Quintio
1207 1149 1292 1195 con-

225 1221 321 1321 sule,
349 1233 424 1305 dati
446 1249 553 1322 sunt3
573 1234 767 1330 jussusque
793 1234 886 1304 tueri
907 1256 1054 1303 omnem
1076 1257 1177 1302 oram
1196 1235 1291 1304 circa

119 1375 122 1384 “
221 1350 418 1416 Tarentum
437 1342 752 1446 Brundisiumque.
778 1348 818 1413 L.
841 1343 981 1413 AEmilio
999 1341 1122 1412 Paullo
1143 1344 1181 1412 in
1200 1343 1292 1414 ulte-

222 1456 357 1526 riorem
383 1455 588 1552 Hispaniam
617 1466 748 1550 praeter
776 1476 860 1522 eum
889 1452 1111 1540 exercitum,
1137 1476 1291 1548 querna

221 1570 268 1636 M.
285 1563 410 1634 Fulvio
426 1577 650 1660 propraetor-e
664 1574 879 1658 acoepturus
893 1574 1002 1647 esset,
1017 1558 1203 1632 decretum
1218 1580 1291 1648 est,

222 1690 264 1745 ut
282 1697 464 1745 novorum
485 1672 642 1742 militum
664 1671 732 1740 tria
752 1670 862 1739 millia
886 1671 1036 1742 duceret
1056 1685 1093 1742 et
1110 1685 1291 1743 trecentos

224 1788 386 1881 equites3
409 1785 459 1854 ita
476 1797 517 1852 ut
537 1782 576 1851 in
598 1782 640 1850 iis
661 1781 741 1851 dua
760 1795 881 1878 partos
899 1781 1037 1868 socium
1056 1781 1156 1855 latini
1174 1784 1292 1852 nomi·

222 1895 304 1980 nis,
331 1893 436 1965 tertia
464 1892 597 1962 civium
623 1915 859 1965 romanorum
882 1904 986 1962 esset.
1019 1885 1119 1959 Idem
1143 1891 1290 1987 supple·

222 2004 337 2074 menti
355 2000 400 2072 ad
418 2004 457 2072 C.
477 2001 710 2089 Flaminium,
730 2003 790 2072 cui
805 2002 997 2098 imperium
1012 1998 1290 2097 prorogabatur,

143 2108 147 2116 ’
220 2115 259 2182 in
275 2111 484 2209 Hispaniam
503 2111 704 2182 citeriorem
722 2125 776 2182 est
792 2113 954 2182 missum.
974 2113 1022 2181 Μ.
1037 2111 1200 2181 AEmilius
1219 2117 1291 2182 Le·-

219 2219 326 2318 pidus
345 2243 365 2290 a
383 2225 422 2290 L.
440 2220 605 2306 Valerio,
621 2221 681 2290 cui
700 2243 929 2291 successurus
948 2234 1061 2307 esset,
1084 2221 1189 2291 simul
1207 2245 1289 2318 pro-

217 2330 370 2399 vinciam
390 2331 664 2426 exercitumque
685 2331 847 2426 accipere
863 2331 1007 2424 jussus:
1026 2333 1066 2399 L.
1084 2330 1287 2414 Valerium,

222 2439 252 2508 si
271 2439 320 2510 ita
335 2438 530 2528 videretur,
551 2463 617 2537 pro
635 2454 790 2538 praetore
806 2441 845 2508 in
853 2441 1044 2538 provincia
1058 2441 1234 2527 retinere,
1252 2455 1289 2511 et

220 2551 444 2645 provinciam
466 2550 515 2618 ita
536 2547 719 2637 dividere,
742 2563 782 2619 ut
800 2573 874 2620 una
891 2548 937 2619 ab
954 2551 1152 2646 Agrigento
1164 2550 1209 2620 ad
1223 2554 1290 2621 Pa-

219 2657 377 2754 chynum
394 2672 508 2745 esset,
527 2657 636 2728 altera
651 2683 671 2728 a
686 2658 845 2728 Pachino
863 2657 1102 2754 Tyndarium:
1122 2681 1201 2734 eam
1215 2683 1291 2730 ma-

218 2769 375 2837 ritimam
393 2790 495 2837 oram
515 2772 555 2836 1..
577 2767 742 2838 Valerius
764 2768 889 2863 viginti
912 2766 1065 2838 navibus
1087 2767 1203 2864 longis
1224 2793 1292 2839 cu-

219 2878 378 2948 stodiret.
398 2875 526 2948 Eidem
543 2879 688 2973 praetori
708 2877 939 2962 mandatum,
955 2892 997 2947 ut
1013 2877 1104 2948 duas
1118 2876 1293 2949 decumas

219 2985 391 3058 frumenti
410 2989 590 3085 exigeret⁷
605 3013 614 3073 ;
630 2985 667 3056 id
686 2985 731 3056 ad
749 3010 847 3058 mare
864 2985 1166 3082 comportandum
1186 2986 1293 3057 deve-

219 3097 458 3193 hendumque
484 3099 519 3170 iu
546 3098 722 3172 Graeciam
745 3109 896 3169 curaret.
922 3094 1023 3172 Idem
1045 3100 1086 3166 L.
1105 3097 1225 3194 Oppio
1244 3097 1294 3168 de

219 3207 338 3280 alteris
357 3206 519 3277 decumis
538 3205 723 3305 exigendis
737 3207 775 3274 in
789 3204 950 3278 Sardinia
968 3206 1205 3302 imperatum:
1224 3230 1293 3276 cae·

218 3333 338 3388 terum
355 3341 432 3386 non
450 3317 489 3386 in
509 3317 704 3399 Graeciam,
731 3313 794 3384 sed
819 3319 990 3399 Romam,
1009 3313 1047 3384 id
1065 3313 1291 3385 frumentum

175 3417 179 3428 ’
218 3415 357 3524 portari
374 3426 527 3523 placere.
556 3428 593 3494 C.
620 3424 739 3494 Livius
762 3437 914 3519 praetor,
935 3425 996 3494 cui
1018 3423 1138 3494 classis
1157 3447 1292 3494 evene-

218 3551 293 3621 rat,
313 3559 395 3608 oum
410 3536 555 3630 triginta
569 3531 722 3604 navibus
737 3535 869 3631 paratis
884 3533 1049 3632 trajicere
1062 3535 1099 3603 in
1115 3535 1293 3604 Graeciam

253 3717 277 3765 5.
287 3719 361 3762 Bruto
368 3713 508 3780 jurisdictio
525 3715 730 3778 utraqueeeenir;
775 3716 941 3774 xxxvl1‚e
958 3727 1021 3764 extr.
1035 3744 1070 3754 -
1088 3717 1136 3765 Hic
1154 3717 1235 3764 obiter
1246 3719 1295 3767 ad-

217 3793 505 3851 videadxxv‚41,n.
521 3793 545 3839 8.
774 3805 844 3842 notet
862 3793 933 3842 Crev.
953 3795 1021 3858 quod
1036 3806 1137 3844 terretur
1152 3795 1204 3844 Cic.
1216 3797 1295 3847 Verr.

252 3873 277 3920 6.
293 3873 326 3920 A.
349 3869 460 3918 Cornelio
481 3871 538 3918 novi
560 3871 661 3929 milites,
682 3884 728 3920 etc.
774 3874 827 3930 ΙΙΙ,
842 3880 892 3932 tn,
910 3885 1124 3938 senetum‚quum
1136 3877 1297 3939 temporibus

216 3951 282 3998 conf.
291 3949 403 4008 XXXV,
417 3957 458 4005 tr.
773 3952 914 4015 reipublicae
940 3965 1040 4009 coactus
1064 3953 1151 4002 alteras
1174 3953 1296 4004 decumas

252 4045 275 4088 7.
289 4029 321 4075 Ue
337 4027 400 4074 duas
416 4027 531 4077 decumas
539 4028 663 4095 frameati
675 4029 728 4078 exi·
774 4030 914 4080 decerneret
930 4033 1078 4098 exigendae,
1101 4033 1135 4080 ite
1158 4031 1295 4083 decernere

213 4119 292 4171 geret,
307 4105 400 4154 dundee
416 4124 448 4155 ex
461 4124 519 4172 egro
533 4109 681 4168 decumano,
699 4109 726 4156 in
771 4109 885 4170 solitum,
899 4122 927 4160 ut
939 4109 1042 4177 pecunia
1061 4112 1160 4177 probis
1178 4112 1297 4162 decumis

214 4185 295 4240 Sicilia
307 4203 320 4234 a
332 4185 470 4251 publicanis
479 4187 616 4252 redempto.
627 4187 725 4238 Confer.
771 4189 906 4239 solveretur
915 4191 1067 4254 aratoribus,
1077 4209 1121 4250 ne,
1132 4191 1199 4255 quod
1208 4207 1294 4242 sionis
