2848 4958
247 448 287 494 ια
661 430 701 496 r.
734 429 872 496 leu
1161 405 1280 508 3322321:

241 573 330 618 uum
348 546 461 635 sact0,
484 546 583 618 etad
601 546 808 619 Chalcidem
828 547 1056 618 commiserat
1074 571 1142 618 neo
1156 571 1176 616 a
1189 548 1307 643 parvis

241 682 309 727 uec
327 656 447 728 dubiis
469 657 654 753 principiis
671 656 831 745 bellum,
851 670 972 727 tamen
993 655 1155 727 eamdem
1178 658 1308 728 oratio·

241 791 325 836 uem
348 791 514 853 exorsus,
535 791 607 863 qua
628 768 666 838 in
685 769 869 864 colloquio
888 768 1006 865 primo
1021 766 1066 837 ad
1081 765 1306 851 Chalcidem,

239 900 387 972 (piaque
406 900 471 972 per
492 875 629 974 legatos
649 878 687 948 in
710 879 862 948 concilio
878 876 1091 948 Achaeorum
1110 901 1197 947 rasus
1215 892 1308 962 crat,

240 1001 282 1055 nt
308 986 496 1056 amicitiam
523 1011 644 1062 secum
670 988 831 1074 institui,
850 1011 925 1058 non
944 983 1082 1058 bellum
1104 985 1216 1058 indici
1235 991 1307 1056 Ro-

240 1097 355 1166 manis
373 1096 591 1192 postularet;
609 1097 812 1184 neminem,
830 1096 919 1193 quid
934 1092 1134 1192 ageretur³‚
1150 1093 1305 1167 fallebat.

241 1211 434 1276 Decretum
449 1220 570 1277 tamen
582 1205 651 1278 sub
666 1207 736 1292 levi
745 1205 942 1278 verborum
956 1218 1130 1302 praetcxtu
1143 1228 1210 1302 pro
1224 1229 1308 1300 rege

149 1365 157 1383 .
240 1314 411 1386 adversus
427 1321 609 1389 Romanos
627 1316 761 1389 lactum
782 1331 846 1388 est.
871 1321 944 1385 Hac
960 1340 1110 1412 quoque
1126 1329 1235 1411 gente
1251 1315 1309 1384 ad·
1371 1311 1374 1316 ’

237 1424 384 1516 juncta,
408 1425 616 1498 Chalcidem
636 1451 841 1523 regressus,
862 1425 1051 1523 praemissis
1072 1425 1157 1496 inde
1176 1425 1308 1509 literis,

241 1547 281 1602 ut
311 1535 578 1606 Demetriadem
612 1538 851 1606 convenirent
876 1535 1059 1632 principes
1085 1535 1308 1612 AEtolorum.

241 1668 322 1715 eum
337 1643 471 1740 quibus
483 1645 529 1716 (le
542 1670 817 1718 summarerum
834 1644 1084 1729 deliberarat,
1099 1644 1251 1716 navibus
1265 1670 1310 1716 eo

240 1753 286 1824 ad
300 1753 396 1826 diem
414 1755 586 1826 indictam
606 1755 760 1827 concilio
778 1757 887 1826 venit.
911 1759 956 1824 Et
972 1753 1205 1850 Amynander
1224 1757 1311 1824 acci-

240 1879 299 1934 tns
311 1865 357 1935 ad
371 1865 652 1936 consultandum
668 1891 713 1936 ex
727 1865 960 1949 Athamania3
978 1879 1015 1934 et
1034 1863 1214 1934 Hannibal
1228 1869 1310 1934 Poc-

241 1999 326 2061 nus,
339 1976 413 2068 jam
427 1976 487 2046 diu
505 2001 580 2048 non
594 1974 796 2062 adhibitus,
810 1974 975 2048 interfuit
989 1977 1022 2046 ei
1035 1973 1201 2047 concilio
1218 1979 1311 2045 Con-

240 2084 413 2156 sultatum
427 2085 473 2156 (le
486 2085 739 2158 Thessalorum
751 2101 860 2182 gente
870 2100 940 2172 est,
952 2110 1110 2182 quorum
1120 2084 1310 2168 omnibus,

240 2195 305 2290 qui
320 2195 486 2278 aderant,
500 2197 668 2272 voluntas
680 2195 853 2266 tentanda
866 2195 1068 2266 videbatur.
1082 2200 1123 2264 ln
1140 2220 1184 2266 eo
1199 2195 1312 2266 modo

241 2304 388 2378 diversae
401 2308 588 2378 sententiae
600 2320 717 2393 eraut,
730 2305 831 2402 quod
847 2306 905 2377 alii
918 2306 1100 2403 extemplo
1113 2305 1291 2402 agendum
1302 2333 1312 2386 ;

241 2415 299 2486 alii
309 2440 352 2486 ex
365 2415 500 2501 hicme,
514 2441 595 2513 quae
608 2431 685 2488 uam
701 2414 813 2486 ferme
826 2416 943 2486 media
955 2433 1049 2502 erat,
1065 2413 1311 2489 differendum

240 2528 278 2598 in
298 2528 389 2598 veris
408 2529 647 2624 principium
664 2540 699 2598 et
721 2525 779 2596 alii
798 2526 934 2622 legatos
952 2525 1207 2596 tantummodo
1226 2528 1313 2594 mit-

242 2636 392 2721 tendos,
416 2636 475 2706 alii
495 2661 576 2708 cum
596 2636 769 2708 omnibus
783 2639 895 2734 copiis
911 2635 1074 2708 cundum
1093 2635 1315 2728 censebant,

242 2745 507 2842 terrendosque
526 2761 645 2834 metu,
665 2749 693 2819 si
713 2761 980 2818 cunctarentur.

290 2861 365 2928 VII.
386 2859 510 2952 Qrmm
536 2859 627 2930 circa
653 2857 747 2930 hanc
773 2857 848 2929 fere
874 2858 1176 2928 consultationem
1201 2857 1318 2929 disce-

177 3016 181 3022 ·
243 2969 357 3065 ptatio
377 2958 497 3039 omnis
515 2984 733 3054 verteretur,
751 2969 951 3055 Hannibal,
970 2969 1184 3046 nominatim
1204 2971 1318 3039 iuter-

243 3082 669 3176 rogatus'sententiam¹,
693 3083 732 3154 in
758 3082 917 3151 universi
941 3079 1029 3149 belli
1057 3079 1316 3176 cogitationem

243 3216 363 3286 regem
387 3206 496 3285 atque
519 3217 604 3276 eos,
630 3194 695 3289 qui
716 3191 889 3271 aderant,
913 3189 972 3260 tali
994 3190 1158 3260 oratioue
1179 3190 1313 3260 vertit:

280 3382 302 3428 3.
313 3379 454 3437 Neminem,
471 3381 533 3444 qnid
549 3393 670 3446 ageretur,
677 3380 756 3446 folle·
799 3378 916 3443 speciosis
932 3379 1059 3440 tegebatur·
1077 3379 1125 3436 ita,
1137 3390 1165 3424 ut
1182 3376 1244 3423 nihil
1257 3376 1314 3424 obs-

244 3461 287 3506 bat
295 3475 346 3506 non
353 3460 416 3507 bene
425 3462 507 3508 reterri
516 3473 598 3526 potest
606 3461 638 3509 nd
646 3477 754 3508 exorsus.
800 3459 853 3507 curi
866 3469 938 3506 esset.
948 3461 994 3505 En.

242 3539 333 3586 Melius
348 3538 434 3588 flueret
453 3541 548 3599 oratio,
570 3541 592 3588 si
619 3541 753 3604 legeretur:
836 3548 860 3594 t.
876 3538 935 3585 Cum
955 3537 1041 3600 quibus
1061 3535 1091 3584 de
1114 3551 1210 3584 stamma
1234 3550 1318 3580 rernm

242 3634 343 3668 exorsus
351 3631 399 3675 est,
414 3637 503 3683 qua...
517 3621 659 3683 postularet.
672 3618 755 3665 Nemi·
800 3617 809 3681 (
820 3616 917 3664 vidend
927 3618 978 3673 Ill,
990 3617 1004 3663 5
1014 3651 1021 3673 ,
1031 3633 1057 3664 n.
1067 3618 1083 3664 6
1093 3614 1272 3679 )delt'bcrnret,·
1282 3617 1317 3662 cl'.

242 3713 297 3750 nem
313 3698 424 3762 quidem,
435 3699 497 3762 qnid
504 3709 625 3763 ageretur,
628 3695 753 3760 fallebat,
799 3697 910 3752 XXXV,
930 3695 962 3749 45
975 3705 1037 3742 extr.
1048 3721 1083 3731 -
1093 3696 1126 3740 llt
1144 3691 1191 3740 atii
1203 3693 1318 3756 legatos,

243 3779 261 3829 l.
275 3793 298 3824 e.
313 3778 417 3836 latebat3
437 3778 503 3826 nuk.
514 3803 549 3814 --
565 3779 596 3824 Et
614 3776 649 3824 ita
661 3777 755 3839 recepit
800 3775 848 3822 del.
862 3787 903 3832 et;
913 3774 979 3821 Duk.

242 3858 359 3920 Docting.
370 3858 411 3921 qul
424 3858 451 3904 in
461 3858 511 3904 hoc
523 3857 579 3904 loco
589 3851 755 3904 anacoluthon
835 3855 898 3902 Car.
912 3855 969 3902 v11.
991 3867 1013 3900 1.
1024 3851 1164 3908 Hannibal,
1177 3850 1319 3914 interroga-

243 3953 375 3998 ugnosoere
387 3939 459 3986 nolit.
472 3939 518 3984 Eo.
532 3963 566 3972 -
578 3937 626 3982 Sub
640 3934 685 3981 levi
697 3951 754 3982 ater·
800 3945 837 3980 tus
849 3932 993 3980 mittentium
1003 3929 1012 3996 (
1022 3930 1078 3977 vide
1091 3929 1122 3976 ad
1133 3930 1252 3986 xxxlt,
1266 3932 1319 3988 23,

242 4017 329 4064 borum
345 4028 477 4080 praetextu.
502 4016 561 4062 Non
583 4026 666 4078 aperte
689 4017 754 4062 enim
799 4030 823 4061 u.
839 4029 847 4059 1
863 4013 881 4076 ).
895 4039 929 4048 —
942 4011 997 4058 Tali
1011 4009 1137 4062 oratione,
1154 4021 1202 4056 etc.
1219 4009 1318 4056 confer.

242 4095 334 4143 bellum
351 4095 465 4143 adversus
482 4096 606 4141 Romanos
622 4093 699 4142 fuerat
712 4094 754 4142 de·
798 4095 889 4141 Jrutin.
912 4093 1016 4147 XXXI,
1038 4090 1066 4146 5,
1087 4101 1112 4136 ct
1131 4089 1239 4152 Appiae.
1258 4091 1318 4151 Syr.

247 4174 407 4233 crctum,sed
418 4190 456 4222 res
472 4173 557 4222 leviter
567 4184 660 4224 tantum
676 4173 755 4220 verbis
803 4179 842 4226 14.
869 4199 898 4208 -
921 4171 998 4217 Vertit
1011 4187 1023 4217 n
1033 4169 1203 4217 Thessalorum
1224 4179 1318 4231 gentcz
