2848 4958
122 394 248 498 2:233:
313 415 465 485 claua
496 417 672 488 xxxvl.
698 419 803 488 car.
830 421 911 491 xv.
1115 452 1162 525 29

95 533 158 609 scd
172 558 288 633 prope
305 549 423 608 vatem
442 539 629 628 omnium,
646 564 727 638 quae
740 554 819 611 tum
833 543 1038 635 evenirent,
1053 545 1162 621 admi·

93 647 176 718 rari.
192 650 248 719 Ne
261 662 383 718 tamen
399 662 539 721 temere
556 663 675 746 coepta
692 651 843 747 segnitia
861 653 1011 752 insuper
1026 673 1161 732 everte-

92 773 170 848 ret,
187 758 338 828 nuntios
352 758 391 827 in
405 757 569 829 AEtoliam
583 761 713 848 mittit,
733 773 776 831 ut
788 762 890 831 omni
907 777 1091 837 contracta
1101 767 1160 862 ju-

91 881 261 957 ventute,
277 869 514 940 convenirent
526 871 685 940 Lamiam
700 895 708 938 ε
725 871 852 969 etipse
867 882 935 944 eo²
949 873 1075 947 decem
1086 879 1163 950 mil·

90 980 136 1051 lia
154 977 233 1050 fere
250 977 436 1077 peditum,
454 1003 499 1049 ex
513 979 575 1066 iis,
590 981 654 1076 qui
668 994 795 1077 postea
810 997 984 1054 venerant
999 1009 1045 1055 ex
1059 988 1159 1077 Asia,

89 1090 254 1188 expleta,
274 1104 310 1162 et
330 1091 470 1186 equites
491 1091 712 1188 quingentos
729 1088 842 1161 duxit.
861 1094 945 1181 Quo
963 1117 1078 1188 quum
1097 1097 1161 1166 ali-

89 1214 231 1298 quanto
253 1200 461 1296 pauciores,
487 1223 597 1295 quam
623 1224 788 1297 unquam
813 1213 943 1287 antea,
971 1208 1159 1278 convenis-

88 1325 190 1398 sent,
210 1324 247 1381 et
263 1311 445 1408 principes
460 1309 713 1382 tantummodo
727 1333 812 1380 curn
825 1311 950 1407 paucis
966 1311 1160 1388 clientibus

89 1433 229 1508 essent,
248 1435 358 1516 atque
376 1421 401 1490 ii
422 1418 602 1508 dicerent,
623 1419 746 1491 omnia
768 1417 896 1491 sedulo
919 1419 964 1490 ab
984 1446 1023 1493 se
1042 1421 1158 1519 facta,

88 1548 259 1628 utquam
277 1529 453 1628 plurimos
476 1555 518 1600 ex
541 1528 745 1601 civitatibus
763 1530 838 1600 suis
857 1547 1071 1622 evocarent,
1089 1559 1159 1608 nec

87 1642 322 1728 auctoritate,
350 1665 418 1711 nec
438 1641 571 1738 gratia,
590 1665 659 1713 nec
679 1641 832 1737 imperio
850 1637 1020 1712 adversus
1041 1641 1159 1718 detre-

88 1766 227 1823 ctantes
256 1750 419 1824 militiam
444 1749 617 1839 valuisse3
645 1750 839 1822 destitutus
864 1751 1029 1848 undique
1052 1768 1089 1825 et
1110 1755 1157 1826 ab

4 1901 5 1920 .
88 1864 178 1947 suis,
193 1864 260 1960 qui
274 1859 513 1932 morabantur
524 1861 562 1931 in
578 1861 677 1950 Asia,
696 1873 733 1930 et
749 1858 795 1931 ab
813 1861 940 1948 sociis,
962 1863 1099 1958 quiea,
1118 1866 1158 1936 in

87 1997 247 2070 quorum
267 1995 369 2069 spem
383 1984 619 2058 vocaverant,
639 1993 715 2041 non
728 1969 964 2068 praestabant,
983 1973 1079 2045 intra
1094 1975 1158 2046 sal-

86 2098 165 2153 tum
183 2076 533 2177 Thermopylarum³
555 2105 632 2152 sese
657 2082 806 2178 recepit.
828 2081 871 2151 Id
893 2081 1043 2179 jugum,
1064 2086 1158 2156 sicut

4 2247 5 2250 ,
85 2193 271 2290 Apennini
290 2190 400 2263 dorso
417 2191 519 2262 Italia
535 2189 723 2278 dividitur,
742 2191 793 2260 ita
809 2190 966 2262 mediam
983 2195 1155 2266 Graeciam

84 2301 231 2372 dirimit.
257 2305 349 2372 Ante
372 2298 503 2371 saltum
525 2299 848 2397 Thermopylarum
868 2302 908 2370 in
929 2307 1156 2400 septemtrio-

4 2457 5 2460 =
84 2435 168 2484 nem
187 2435 291 2482 versa
308 2411 437 2507 Epirus
458 2423 495 2481 et
518 2409 720 2480 Perrhaebia
738 2423 775 2480 et
793 2413 977 2506 Magnesia
995 2428 1032 2484 et
1049 2416 1155 2489 Thes

83 2522 169 2596 salia
184 2537 261 2610 est,
279 2533 316 2592 et
332 2518 510 2590 Phthiotae
526 2518 671 2592 Achaei⁴
693 2533 728 2590 et
743 2520 842 2590 sinus
856 2519 1039 2593 Maliacus.
1054 2529 1155 2595 Intra

82 2633 205 2705 fauces
235 2631 282 2703 ad
308 2627 496 2702 meridiem
522 2643 678 2727 vergunt
696 2629 831 2700 AEtoliae
861 2653 944 2727 pars
974 2633 1091 2728 major
1117 2649 1155 2708 et

82 2743 280 2817 Acarnania
295 2755 331 2813 et
346 2765 430 2812 cum
446 2739 598 2812 Locride
614 2739 745 2811 Phocis
763 2754 799 2812 et
817 2741 956 2813 Boeotia
972 2742 1154 2838 adjuncta·

82 2878 154 2951 que
177 2849 296 2923 insula
321 2849 476 2937 Euboea,
504 2845 800 2937 et,‘excurrcnte
824 2851 864 2920 in
892 2850 1027 2941 altum,
1052 2854 1153 2927 velut

80 2962 357 3063 promontorio,
378 2961 496 3032 Attica
517 2973 630 3047 terra,
651 2959 718 3028 sita
734 2957 779 3028 ab
795 2972 899 3055 tergo
914 2974 952 3031 et
968 2958 1151 3060 Pelopon-

113 3213 141 3244 α.
160 3197 207 3251 Ut,
226 3189 294 3240 omni
310 3200 438 3238 contracta
450 3187 593 3254 juventute,
638 3181 723 3235 essent.
733 3185 852 3250 Doering.
863 3201 910 3250 pro
921 3197 998 3235 essent
1007 3189 1091 3251 malit,
1104 3195 1151 3240 ad.
1215 3232 1217 3247 ,

81 3273 236 3324 convenirent
245 3269 376 3319 Lamiam:
391 3267 478 3334 etipse
495 3283 536 3324 eo,
546 3279 593 3315 etc.
638 3275 727 3322 essent,
741 3263 811 3328 quod
821 3263 871 3314 fere
884 3281 923 3314 res
932 3265 985 3330 ipse
995 3267 1104 3333 flagitare
1113 3272 1151 3320 vi.

80 3355 162 3419 recepi
180 3368 214 3400 ex
233 3348 329 3400 emend.
347 3347 413 3396 Dok.
437 3347 493 3410 quia
511 3347 594 3410 Inepte
638 3343 717 3392 detur.
731 3343 778 3392 Eu.

80 3435 155 3500 vulgo
165 3429 258 3496 legitur
268 3426 429 3477 convenirent.
444 3429 502 3472 Iam
512 3424 595 3490 etipse
675 3424 699 3472 3.
719 3425 791 3470 Intra
808 3423 898 3471 saltum
919 3422 1151 3491 Ihennopylmm

4 3531 5 3540 ¹
80 3531 119 3573 eo,
130 3525 180 3562 etc.
193 3512 293 3560 Nomen
301 3507 353 3555 Ioci
366 3504 483 3553 excidisse
497 3512 550 3551 tum
563 3519 593 3550 ex
637 3501 739 3550 vidend
753 3503 863 3560 XXXV,
884 3511 1049 3562 11‚n.4.—
1064 3508 1149 3572 [dja.

4 3619 5 3624 ¹
79 3595 115 3642 his
131 3589 230 3648 verbis,
247 3598 300 3636 tum
314 3601 346 3634 ex
364 3600 432 3648 seqq.
453 3599 501 3648 quo
517 3597 592 3646 quum
635 3579 793 3646 gemmeae
817 3591 842 3630 et
863 3581 944 3630 Pindo
972 3584 1150 3654 continuum),

4 3669 5 3674 ’
79 3674 209 3737 aliquanto
217 3665 362 3732 pauciores,
377 3674 423 3712 etc.
434 3671 552 3726 patet,ut
561 3677 593 3708 ex
636 3659 736 3708 sicut...
751 3659 915 3724 Hocjugam,
926 3662 1087 3724 abhorrente,
1101 3675 1149 3716 etc.

80 3769 148 3818 seqq.
165 3760 191 3798 et
209 3763 263 3811 cap.
282 3743 500 3803 16,bunelocum
515 3740 592 3786 Ther·
636 3739 702 3787 conf.
722 3737 845 3786 Herodot.
863 3740 928 3798 vn,
950 3740 1016 3802 176;
1039 3742 1148 3808 Appiam

78 3830 186 3897 mopylis
197 3825 366 3892 propinquum
374 3821 455 3870 fuisse.
467 3818 533 3868 Talis
544 3817 592 3866 fuit
636 3819 755 3883 Syr.17;
782 3818 862 3866 Strab.
876 3821 928 3879 IX,
948 3837 973 3884 p.
996 3824 1060 3882 4²83
1082 3826 1149 3879 plut,

79 3912 175 3968 lamia,
189 3904 330 3954 AEtolorum
343 3902 370 3949 in
382 3909 527 3966 potestatem
539 3909 592 3945 tum
636 3898 689 3946 Cat.
700 3899 755 3958 maj.
765 3914 791 3962 p.
802 3899 868 3958 3433
879 3899 943 3948 Plin.
955 3902 1000 3961 tv,
1017 3919 1041 3962 7.

77 3991 184 4039 redacta.
194 3984 267 4035 Conf.
276 3982 389 4040 XXXV,
402 3978 591 4040 433XXXVI,
672 3987 695 4035 t.
713 3979 749 4025 Et
764 3976 886 4026 Phthiotae
907 3977 1011 4039 Aobcet'3
1033 3983 1091 4032 vide
1115 3987 1148 4034 ad

79 4071 125 4130 ²5,
135 4083 186 4131 ²93
200 4063 345 4120 XXXVII,
357 4057 524 4121 lte-Expleta
534 4056 590 4102 cod.
635 4058 762 4117 XXXIII,
776 4057 824 4116 32,
838 4073 863 4106 n.
877 4057 902 4104 6.
914 4085 949 4096 -
960 4061 1112 4113 &aarum
1120 4065 1145 4112 in

78 4151 192 4213 Mogont.
203 4157 226 4194 et
233 4143 352 4194 Crem·
361 4138 420 4187 cam
426 4151 502 4200 pauc.
510 4136 590 4183 client.
635 4135 727 4192 altram
740 4135 838 4185 vidend
849 4139 940 4200 XXII,
955 4156 999 4197 ao,
1013 4157 1037 4187 n.
1048 4143 1073 4188 8.
