2848 4958
121 295 243 428 titt:
314 346 467 416 crana
493 349 670 416 xxxvi
696 350 800 419 car.
825 349 928 418 xv1.
1106 349 1146 422 31

11 513 12 520 κ
97 465 285 562 venerant)
297 467 424 562 partim
439 465 484 538 ad
498 468 705 540 Heracleam
718 468 883 567 praesidio
898 466 1152 562 obtinendam,

96 603 170 673 quae
184 590 268 648 ante
283 577 376 674 ipsas
390 573 512 649 fauces
528 579 645 676 posita
659 591 730 664 est,
747 579 877 675 partim
890 585 1066 677 Hypatam
1079 583 1156 653 mit-

96 691 154 775 tit,
170 701 208 759 et
225 686 433 758 Heracleam
454 683 553 758 haud
573 684 706 758 dubius
727 686 913 759 consulem
932 704 1156 787 oppugnatu-

94 823 189 884 rum,
210 813 247 870 et
264 797 339 893 jam
352 798 474 870 multis
487 797 757 886 nuntiantibus,
780 800 871 869 circa
890 794 1067 900 Hypatam
1081 827 1156 873 om-

94 913 149 981 nia
163 910 331 996 evastari.
341 906 496 996 Consul,
511 907 752 1006 depopulatus
768 914 1009 1006 Hypatensem
1024 912 1155 1008 primo,

93 1018 222 1092 deinde
235 1019 511 1090 Heracleensem
520 1043 663 1116 agrum,
679 1017 800 1090 inutili
813 1013 1010 1116 utrobique
1023 1023 1155 1094 auxilio

94 1130 310 1217 AEtolorum,
333 1130 371 1200 in
392 1130 478 1226 ipsis
498 1127 663 1200 faucibus
682 1153 797 1226 prope
820 1127 939 1200 fontes
958 1128 1157 1214 calidarum

93 1235 294 1336 aquarum3
320 1237 488 1309 adversus
513 1263 635 1336 regem
660 1253 775 1310 castra
801 1239 933 1335 posuit.
956 1240 1157 1313 AEtolorum

93 1366 255 1448 utraeque
281 1373 407 1420 manus
436 1349 641 1420 Heracleam
669 1373 746 1420 sese
771 1349 1008 1422 incluserunt.
1037 1353 1158 1423 Antio·

93 1459 220 1548 chum,
237 1461 315 1545 cui,
334 1459 433 1556 prius
451 1483 559 1556 quam
578 1458 720 1530 hostem
736 1473 919 1547 cerneret,
938 1461 1022 1532 satis
1035 1464 1158 1534 omnia

11 1567 12 1578 ’
93 1571 299 1668 permunita
328 1583 365 1640 et
391 1568 562 1668 praesidiis
597 1568 750 1667 obsepta
775 1567 1017 1660 videbantur,
1049 1574 1157 1644 timor

94 1681 224 1753 deinde
244 1681 409 1765 incessit,
431 1704 477 1752 ne
504 1705 593 1777 quas
612 1704 677 1777 per
696 1680 923 1751 imminentia
941 1681 1029 1778 juga
1050 1683 1156 1753 calles

11 1803 12 1812 ’
94 1792 271 1862 inveniret
289 1789 334 1861 ad
350 1791 540 1860 transitum
559 1796 754 1862 Romanus.
775 1794 864 1863 Nam
884 1805 920 1862 et
936 1791 1159 1862 Lacedaemo·

93 1905 169 1976 nios
190 1899 379 1998 quondam
406 1903 454 1970 ita
482 1926 502 1972 a
522 1903 637 1972 Persis
659 1903 864 1973 circumitos
885 1900 978 1972 fama
1000 1919 1094 1989 erat,
1120 1920 1157 1976 et

93 2037 210 2111 nuper
224 2010 430 2110 Philippum
445 2009 491 2082 ab
507 2010 632 2082 iisdem
648 2013 828 2082 Romanis.
847 2018 974 2109 Itaque
987 2017 1158 2086 nuntium

93 2120 307 2192 Heraclaeam
329 2120 373 2192 ad
390 2120 525 2192 AEtolos
542 2121 672 2208 mittit,
686 2137 728 2192 ut
743 2121 839 2194 hanc
854 2123 979 2213 saltem
992 2123 1061 2196 sibi
1076 2150 1159 2223 ope-

11 2319 12 2322 *
92 2257 166 2302 ram
183 2256 229 2302 eo
244 2230 342 2302 bello
365 2246 592 2328 praestarent,
612 2247 653 2302 ut
672 2235 849 2304 verticesl
869 2235 961 2305 circa
980 2237 1159 2308 montium

11 2395 12 2400 κ
93 2357 315 2440 occuparent
327 2339 628 2438 obsiderentque,
648 2367 695 2413 ne
717 2367 790 2438 qua
807 2345 959 2414 transire.
974 2349 1158 2417 Romanus

92 2468 227 2552 posset.
245 2460 322 2524 Hoc
336 2453 466 2524 nuntio
478 2450 621 2538 audito,
636 2451 810 2524 dissensio
823 2453 917 2524 inter
931 2455 1066 2524 AEtolos
1080 2470 1159 2525 orta

91 2578 153 2634 est.
175 2567 261 2633 Pars
279 2562 431 2660 imperio
451 2561 654 2659 parendum
668 2561 761 2660 regis
776 2577 884 2658 atque
901 2563 1065 2634 eundum
1079 2589 1160 2636 cen·

11 2671 12 2678 '
91 2674 244 2760 sebant,
275 2696 357 2770 pars
384 2670 653 2743 subsistendum
681 2672 859 2744 Heracleae
892 2672 938 2743 ad
967 2688 1159 2771 utramque

91 2785 298 2872 lortunam;
317 2797 379 2870 ut,
399 2783 473 2853 sive
494 2783 610 2852 victus
632 2805 652 2850 a
672 2782 820 2854 consule
839 2808 904 2854 rex
923 2797 1034 2868 esset,
1048 2785 1087 2852 in
1105 2809 1162 2854 ex·

91 2897 219 2994 pedito
240 2892 418 2964 baberent
435 2893 730 2987 integrascopias
750 2891 796 2962 ad
818 2917 927 2988 opem
944 2893 1162 2989 propinquis

91 3153 160 3192 rum,-
174 3135 234 3182 vide
252 3134 284 3181 ad
299 3135 415 3189 xxxn,
435 3147 464 3193 9,
484 3145 510 3178 n.
530 3138 555 3186 4.
572 3155 606 3164 —-
651 3117 930 3194 Perirumineutiajuga
940 3129 1026 3186 calles,
1038 3141 1084 3178 etc.
1094 3133 1160 3195 inpr.

91 3215 254 3280 Doerinqus,
272 3229 348 3276 quum
365 3212 461 3275 vulgata
478 3210 552 3258 lectio
568 3209 606 3256 ni·
650 3210 776 3273 Atropon.
793 3208 890 3256 Confer.
907 3209 1017 3274 Appian.
1041 3221 1064 3258 et
1082 3212 1162 3260 strab.

90 3297 135 3343 mis
146 3294 209 3343 dura
217 3292 361 3350 videbatur,
370 3307 421 3338 eam
433 3289 525 3353 recepit
533 3303 607 3352 quam
649 3287 676 3335 11.
690 3305 726 3336 oc.
742 3303 823 3351 supra.

89 3375 158 3440 apud
176 3371 254 3422 Drak.
273 3371 372 3418 exhibet
391 3370 448 3417 cod.
461 3370 522 3415 Lov.
539 3382 565 3426 1,
581 3367 606 3414 iu
687 3377 711 3424 4.
725 3365 844 3415 Nuntium
853 3366 1000 3414 Heracleum
1016 3367 1053 3415 ud
1060 3370 1158 3418 AEtolos

91 3471 134 3513 ea,
151 3453 207 3502 scil.
226 3467 283 3516 quae
296 3449 434 3515 permunita
452 3458 541 3494 essent.
560 3447 606 3494 En.
652 3445 737 3502 mittit,
754 3457 781 3492 ut
791 3444 853 3507 (vid.
863 3447 941 3504 VIII,
951 3461 994 3508 19,
1005 3462 1029 3492 n.
1044 3447 1085 3512 ro)
1095 3447 1160 3496 lianc

91 3561 124 3570 —
143 3535 213 3582 Ante
231 3531 297 3594 ipsas
313 3528 417 3594 fauces,
441 3528 464 3578 ἐν
486 3524 607 3594 τοῖςπερὶ
651 3525 783 3572 saltem.....
793 3535 833 3579 ut,
850 3535 896 3572 ete.
905 3525 1029 3587 posterius
1040 3526 1160 3574 ueeeocl.

91 3611 257 3684 esppouiluc
269 3611 361 3668 στενοῖς
371 3606 449 3656 Strab.
459 3609 485 3662 I,
496 3621 551 3670 pag.
566 3621 605 3652 10.
651 3619 696 3650 suo
705 3602 982 3666 addidereMoguntinI:
991 3604 1093 3651 alterum
1102 3621 1160 3653 vero

126 3695 150 3740 3.
170 3696 202 3739 In
223 3689 280 3754 Ipsis
291 3687 410 3754 faucibus
424 3701 504 3750 prope
526 3683 606 3744 firmes
650 3681 716 3729 bautl
739 3681 813 3728 dublo
834 3681 969 3740 redundat3
995 3684 1105 3731 Gronov.
1127 3688 1162 3733 At

91 3789 110 3818 c.
127 3789 154 3821 a.
175 3771 234 3818 elde
251 3768 283 3816 ad
301 3769 405 3826 xxxi,
422 3780 473 3827 29,
487 3780 514 3814 n.
528 3779 552 3813 1.
573 3790 608 3800 —
651 3759 856 3820 Drak.adI,17‚
874 3777 899 3807 n.
910 3776 935 3821 a,
949 3761 1037 3822 (locet,
1049 3763 1161 3825 Livium,

91 3851 234 3899 AEtolorum
251 3859 361 3912 utrmque
378 3846 476 3910 (malim
488 3855 609 3907 utraque,-
652 3841 673 3886 si
687 3839 749 3887 ratio
767 3840 901 3888 locutionis
919 3840 1014 3904 exigat,
1032 3853 1061 3890 ut
1073 3845 1161 3892 vocula

11 3937 12 3964 t
90 3927 285 3994 Gron.)mauus
299 3927 327 3972 in
343 3923 489 3972 Heracleam
506 3937 557 3969 sese
574 3921 609 3968 iu·
653 3931 680 3966 uc
694 3919 731 3966 bis
750 3919 905 3978 adhibeatur,
920 3936 973 3967 eam
990 3921 1113 3970 interdum
1131 3923 1163 3970 al-

90 4011 229 4062 cluserunt,
246 4006 310 4054 forte
320 4003 463 4060 Heracleae,
480 4012 507 4048 ut
521 4016 542 4048 c.
561 4015 605 4059 17;
653 4009 746 4045 terutro
762 3998 820 4046 Ioco
840 3998 962 4056 omisisse,
976 4000 1099 4048 interdum
1116 4003 1160 4048 ite-

89 4099 131 4136 aut
147 4085 273 4136 Heraclea
288 4099 318 4130 ex
332 4082 400 4129 Harl.
416 4092 440 4128 et
457 4082 516 4128 Lov.
534 4087 556 4136 a.
573 4105 608 4114 —-
652 4093 723 4126 rasse.
813 4083 816 4088 '
