2848 4958
138 363 243 464 32353313
328 383 478 451 ursan
512 383 689 452 xxxvi.
718 383 825 452 cns.
846 385 931 452 vn.
1115 386 1155 457 15

117 504 306 601 «cupienti,
327 503 420 599 regis
443 503 533 572 iram
553 499 672 572 verbis
695 500 871 598 aequabat.
896 505 1010 599 Cujus
1029 507 1059 577 si
1078 509 1158 578 talis

113 615 264 684 «animus
286 627 357 697 est,
377 611 557 683 solvamus
577 635 644 682 nos
665 612 742 706 ejus
762 613 927 703 vincula,
952 631 988 686 et
1005 614 1158 689 claustra

113 708 381 819 irmingerum,
409 736 464 802 ut
481 744 673 818 erumpere
699 720 762 790 diu
784 723 976 794 coercitam
1004 727 1094 798 iram
1120 730 1158 798 in

112 830 246 903 «hostes
263 855 476 903 communes
494 831 605 927 possit
616 843 641 900 ⁷.
656 831 765 920 Quod
782 833 812 902 si
825 833 916 904 nibil
930 860 1014 907 eum
1030 837 1160 935 legatio

111 958 247 1015 anostra
264 943 437 1030 moverit,
453 957 490 1012 at
510 965 595 1027 nos,
611 943 786 1038 quoniam
803 944 908 1015 nobis
927 971 1011 1018 eum
1030 948 1161 1044 adjun-

112 1076 213 1149 «gere
226 1079 301 1126 non
317 1077 528 1151 possumus,
543 1076 591 1123 ne
608 1052 776 1124 hostibus
791 1056 923 1126 nostris
938 1056 999 1128 ille
1013 1057 1161 1156 adjungi

111 1162 260 1255 «possit,
286 1185 482 1232 caveamus.
506 1159 678 1232 Seleucus
701 1159 796 1230 filius
821 1176 905 1233 tuus
928 1166 1161 1261 Lysimachiae

110 1284 195 1357 «est;
206 1273 269 1368 qui
282 1272 312 1342 si
324 1297 368 1342 eo
382 1271 559 1357 exercitu,
573 1294 684 1366 quem
699 1293 822 1340 secum
837 1268 965 1358 babet,
979 1297 1046 1370 per
1055 1276 1163 1347 Thra·

111 1379 214 1450 «cum
229 1383 394 1478 proxima
407 1379 627 1452 Macedonia
641 1380 792 1476 coeperit
808 1379 1042 1478 depopulari,
1058 1383 1161 1457 facile

111 1487 174 1558 «ab
192 1491 326 1562 auxilio
348 1489 502 1562 ferendo
526 1490 697 1560 Romanis
720 1487 926 1586 Philippum
946 1490 990 1560 ad
1011 1515 1074 1562 sua
1092 1518 1161 1591 po-

110 1600 301 1671 «tissimum
321 1601 456 1671 tuenda
470 1614 620 1671 avertet.
638 1605 692 1670 De
705 1597 871 1696 Philippo
885 1625 1001 1671 meam
1019 1619 1162 1675 senten·

22 1711 23 1732 ³
109 1710 209 1779 «tiam
225 1711 351 1782 habes.
370 1713 425 1781 De
438 1711 580 1780 ratione
595 1710 755 1780 universi
767 1708 853 1780 belli
868 1711 955 1806 quid
971 1715 1161 1801 sentirem,

110 1817 197 1910 ajam
221 1819 268 1892 ab
293 1820 397 1890 initio
421 1845 496 1889 non
519 1820 701 1915 ignorasti.
728 1819 836 1910 Quod
861 1822 891 1890 si
916 1835 994 1891 tum
1018 1824 1163 1895 auditus

109 1954 122 1988 u
134 1923 262 2018 sorem,
283 1955 359 2000 non
378 1931 415 1999 in
435 1926 575 1999 Euboea
592 1927 800 2000 Chalcidem
820 1944 976 2027 captam,
994 1947 1030 2003 et
1045 1935 1164 2006 castel·

107 2065 119 2098 ι(
132 2035 200 2108 lum
217 2041 345 2137 Euripi
365 2051 614 2135 expugnatum
630 2039 801 2126 Romani,
825 2039 888 2110 sed
908 2044 1086 2113 Etruriam
1103 2047 1161 2114 Li-

108 2172 332 2246 «gurumque
354 2164 390 2220 et
410 2148 533 2220 Galliae
557 2148 744 2246 Cisalpina:
772 2174 874 2219 oram
895 2149 991 2222 bello
1013 2154 1160 2241 ardere,

22 2251 23 2256 ’
105 2285 119 2318 «
132 2273 180 2346 et,
199 2261 266 2357 qui
281 2261 459 2330 maximus
473 2259 515 2328 iis
529 2272 734 2345 terrorest,
756 2259 994 2331 Hannibalem
1009 2263 1046 2333 in
1061 2265 1163 2335 Italia

105 2393 118 2427 α
131 2391 202 2440 csse
219 2368 400 2440 audirent.
421 2373 528 2439 Nunc
544 2392 693 2465 quoque
711 2392 867 2440 arcessas
886 2394 1015 2442 censeo
1035 2397 1162 2446 omnes

22 2559 23 2584 Χ
104 2505 117 2537 «
129 2481 270 2552 navales
284 2494 544 2575 terrestresque
554 2480 687 2576 copias.
701 2483 908 2574 Sequuntur
919 2479 1067 2552 classem
1081 2508 1164 2556 one-

101 2615 115 2650 «
127 2591 222 2660 rariae
239 2614 323 2662 cum
338 2587 618 2660 commeatibus:
636 2613 719 2659 nam
734 2587 794 2659 hic
810 2591 903 2660 sicut
919 2591 964 2661 ad
980 2591 1067 2662 belli
1082 2619 1163 2664 mn·

102 2725 117 2759 «
130 2725 212 2771 nera
231 2701 339 2799 pauci
359 2725 505 2788 sumus,
528 2701 578 2770 sic
596 2697 704 2771 nimis
720 2700 828 2771 multi
842 2725 910 2812 pro
928 2704 1052 2802 inopia
1069 2731 1167 2776 com-

102 2806 352 2882 «meatuumss.
382 2810 506 2899 Quum
533 2835 660 2880 omnes
694 2824 773 2880 tuas
803 2813 1023 2882 contraxeris
1047 2815 1163 2904 vires,

102 2919 276 2993 «divisam
292 2919 438 2991 classem
453 2920 584 3016 partim
599 2922 762 3014 Corcyra
776 2921 815 2988 in
827 2921 981 2990 statione
994 2919 1163 3012 habebis,

22 3081 23 3098 i
102 3055 171 3101 «ne
192 3031 368 3102 transitus
388 3029 559 3101 Romanis
582 3027 733 3099 liberae
757 3043 856 3099 tutus
874 3043 1012 3126 pateat;
1032 3036 1163 3129 partim

102 3139 170 3210 «ad
187 3142 275 3212 litus
293 3140 420 3226 ltaliae,
436 3139 538 3235 quod
556 3138 754 3209 Sardiniam
767 3135 996 3235 Africamque
1012 3156 1166 3238 spectat,

103 3278 117 3310 u
128 3252 307 3345 trajicies:
332 3252 408 3347 ipse
433 3273 515 3320 cum
542 3246 712 3334 omnibus
738 3247 967 3318 terrestribus
992 3252 1106 3347 copiis
1127 3253 1165 3322 in

100 3386 114 3421 t<
127 3361 308 3458 Byllinum
321 3368 467 3458 agrum9
480 3358 664 3456 procedes.
680 3357 771 3428 Inde
785 3359 929 3430 Graeciae
940 3361 1163 3455 praesidebis,

134 3569 156 3610 7.
169 3555 201 3600 Ut
209 3567 335 3616 erumpere
349 3550 391 3597 diu
403 3549 534 3598 coercitam
547 3549 611 3596 iram
655 3565 698 3598 seu
711 3547 830 3606 Bullidis‚
850 3549 938 3613 oppidi
957 3551 1071 3597 maritimi
1085 3553 1167 3599 Mace·

103 3628 149 3692 (ita
159 3634 224 3680 MSS
236 3645 301 3689 nou,
310 3641 338 3678 ot
346 3629 403 3678 edd.
415 3640 493 3684 autu,
503 3627 611 3676 coercita
655 3627 736 3676 doniae
744 3643 786 3675 sen
796 3627 978 3690 Illyric13unde
993 3628 1086 3676 Bullr'ui
1098 3627 1166 3692 (hinc

101 3706 192 3773 im)1'n
205 3710 287 3758 hostes
295 3708 390 3774 possit,
405 3709 430 3756 h.
443 3725 464 3756 e.
478 3707 611 3754 effundere.
655 3708 747 3764 XLIV,
767 3707 815 3765 30,
831 3721 878 3770 pro
898 3706 1067 3756 Bullianorum
1087 3708 1164 3760 urai.

101 3786 170 3836 Conf.
185 3791 267 3838 Gron.
286 3800 311 3836 et
324 3787 399 3835 Drak.
413 3786 445 3833 ad
460 3785 487 3832 h.
502 3786 518 3832 l.
532 3796 557 3832 et
568 3787 612 3834 Er·
655 3784 734 3833 edidit
746 3785 899 3836 Brdliuorum
907 3819 916 3842 ,
927 3795 953 3832 at
966 3786 1050 3849 Sigon.
1064 3789 1166 3837 Buliuo-

103 3867 162 3914 nesti
170 3868 245 3918 Clav.
256 3867 309 3916 Cic.
323 3882 380 3914 voc.
392 3880 524 3928 erumpere.
656 3881 710 3912 rum
727 3881 742 3912 e
760 3864 864 3928 steph),
879 3863 1008 3922 Bulioues,
1021 3866 1167 3924 Ballienses,

135 3949 159 3993 8.
168 3951 221 3994 Pro
241 3947 325 4010 iuopia
345 3956 537 4001 commeatuum,-
555 3943 612 3992 vide
657 3943 819 4000 Bullidenses,
841 3941 1004 4004 Byllidenses,
1025 3945 1148 3992 Bulliones

103 4023 132 4069 ad
139 4026 188 4073 Vll
198 4060 207 4084 ‚
220 4027 267 4086 33,
278 4043 305 4074 n.
319 4041 344 4072 a.
658 4022 715 4070 vide
723 4022 800 4072 nni.
810 4023 843 4072 ed
855 4022 880 4073 b.
890 4023 907 4074 l.
918 4035 943 4073 et
955 4026 1047 4086 xuv,
1058 4025 1089 4072 30
1098 4041 1105 4084 ς
1115 4022 1167 4070 Pal·

144 4119 168 4166 9.
196 4108 227 4154 Iu
246 4105 368 4162 Brlliuuru
388 4119 490 4168 agrum,
510 4102 614 4166 Byllidis
659 4102 1167 4164 mer.oraee.a11t.1;Emesuclav.cie.
