2848 4958
1201 383 1227 420 t.
1239 380 1263 422 C.
1278 390 1321 434 191.

285 391 332 468 50
706 401 744 470 T.
775 401 916 472 LIVII
1201 441 1264 482 uc.
1278 443 1323 482 ss..

279 521 413 620 populi
440 527 585 592 romani
603 527 851 619 permitteret
883 521 925 594 Id
949 522 1078 594 consul
1102 519 1167 594 ubi
1192 521 1345 607 eudivit3

283 634 430 704 «Etiam
446 645 555 730 atque
575 633 683 704 etiam
698 631 840 721 videte,
859 633 1001 730 inquit,
1015 623 1140 720 AEtoli,
1158 647 1201 702 ut
1213 634 1260 702 ita
1272 656 1345 729 per·

283 744 501 815 «mittatis».
520 747 613 814 Tum
642 741 830 814 decretum
861 741 1047 829 Phaeneas,
1075 743 1114 812 in
1140 765 1214 838 quo
1239 741 1276 810 id
1298 739 1345 810 di·
1374 779 1376 796 ι

283 868 378 924 serte
394 853 569 950 scriptum
585 867 683 937 erat,
699 851 870 923 ostendit.
889 883 906 918 ει
921 852 1079 942 Quando
1094 876 1201 949 erge,
1217 850 1345 948 inquit,

280 964 361 1033 «ita
376 962 602 1060 permittitis,
617 962 786 1059 postule,
805 977 847 1032 ut
864 961 954 1032 mihi
967 961 1216 1033 Dicaearchum
1237 962 1346 1034 civem

282 1103 300 1138 e
315 1081 498 1145 vestrum²
514 1088 551 1144 et
561 1077 762 1144 Menestam
774 1072 960 1170 Epirotam
969 1073 1216 1170 (Naupactum
1228 1074 1258 1142 is
1269 1095 1346 1166 curu

281 1212 299 1248 α
311 1180 477 1280 praesidio
496 1183 680 1279 ingressus
700 1181 746 1252 ad
765 1181 1008 1254 defectionem
1030 1181 1297 1280 compulerat),
1314 1196 1347 1254 et

282 1292 586 1389 «Ammandrum
614 1317 699 1364 cum
722 1292 950 1391 principibus
974 1293 1239 1384 Athamanum,
1262 1317 1347 1389 quo-

283 1433 299 1468 «
313 1425 397 1476 rum
410 1403 562 1475 consilio
578 1402 624 1474 ab
640 1401 748 1475 nobis
762 1402 961 1490 defecistis,
976 1405 1053 1476 sine
1064 1428 1167 1476 mora
1181 1402 1347 1477 dedatis.»

281 1517 399 1611 Prope
417 1513 599 1584 dicentem
615 1511 806 1585 interfatus
824 1519 1028 1585 Romanum
1044 1513 1225 1606 Phaeneas,
1241 1516 1347 1586 «Non

282 1626 351 1694 «in
367 1625 598 1711 servitutem,
615 1624 755 1721 inquit,
776 1621 895 1695 sedin
910 1622 1020 1695 fidem
1040 1639 1142 1696 mam
1161 1649 1229 1698 nos
1245 1621 1346 1694 tradi·

280 1733 453 1821 «dimus3
472 1749 508 1806 et
526 1748 666 1806 certum
681 1730 843 1822 habe03,
861 1749 897 1806 te
917 1733 1164 1832 imprudentia
1181 1733 1272 1820 labi,
1289 1733 1348 1830 qui

281 1877 298 1913 «
312 1846 420 1918 nobis
436 1846 613 1942 imperes,
628 1869 709 1942 quae
724 1845 836 1917 moris
851 1849 1061 1918 Graecorum
1077 1871 1157 1916 non
1172 1841 1244 1918 sint
1254 1875 1281 1913 s.
1296 1842 1348 1914 Ad

280 1957 358 2030 htec
377 1955 527 2045 consul,
547 1985 564 2020 ει
576 1959 667 2045 Nec,
686 1955 829 2045 hercle,
847 1957 988 2053 inquit,
1008 1979 1232 2056 magnopere
1256 1977 1348 2026 nunc

281 2099 298 2135 κ
313 2092 421 2155 cure,
444 2065 533 2164 quid
554 2065 663 2138 AEtoli
686 2067 770 2138 satis
793 2091 839 2138 ex
862 2091 964 2140 more
990 2071 1203 2140 Graecorum
1220 2065 1347 2140 factum

282 2210 299 2244 «
314 2202 392 2250 esse
422 2191 611 2266 censeant,
634 2176 725 2248 dum
752 2201 820 2275 ego
846 2201 948 2250 more
975 2163 1137 2250 romano*
1161 2179 1348 2277 imperium

316 2397 379 2446 Ctr.
390 2397 512 2444 XXVIII.
526 2413 548 2445 1.
560 2399 590 2444 Se
599 2412 693 2466 sitaque
694 2395 761 2466 fidei
765 2414 794 2461 p.
839 2397 893 2444 nire
907 2413 960 2446 uon
974 2411 1070 2462 semper
1079 2395 1164 2445 eadem
1176 2393 1348 2462 significatione

279 2492 304 2526 r.
312 2475 465 2541 permittere,
485 2487 514 2524 ut
527 2492 587 2524 mox
599 2493 649 2523 non
664 2475 795 2523 inservitu-
839 2475 902 2535 dici,
916 2475 993 2525 docui
1006 2477 1038 2524 ad
1047 2478 1125 2536 VIII,
1146 2493 1191 2525 r.»
1209 2475 1301 2524 Duker.
1317 2500 1349 2511 -

283 2569 346 2614 tem,
358 2554 403 2602 sed
417 2555 442 2602 irt
450 2552 531 2622 fidem
549 2567 617 2604 tuam
632 2570 676 2602 nos
689 2554 795 2602 tradidi·
839 2557 881 2603 Ita
888 2555 1045 2619 permittatis,
1057 2556 1109 2604 sciI.
1120 2557 1306 2620 quemamodum
1314 2553 1349 2601 di·

283 2652 354 2692 mus,·
370 2635 437 2684 conf.
457 2633 547 2699 Polyb.
566 2635 631 2693 XX,
647 2648 676 2696 9,
691 2649 737 2692 ιο,
755 2634 799 2698 qui
842 2635 911 2694 citis,
925 2635 1072 2700 permittatis
1082 2651 1129 2683 vos
1141 2647 1168 2684 et
1179 2647 1260 2685 vestm
1273 2628 1350 2682 omnia

279 2716 330 2776 jam
342 2714 453 2773 monuit,
471 2713 567 2762 AEtolos
585 2713 724 2776 ignorasse,
742 2730 798 2777 quae
841 2713 900 2762 fidei
913 2715 1000 2781 populi
1011 2714 1115 2763 romani.
1132 2715 1174 2763 Sic
1189 2715 1349 2780 paulopost:

283 2796 342 2844 huie
353 2793 479 2852 formulae,
498 2793 529 2840 de
544 2809 592 2856 qua
610 2793 667 2840 vide
686 2793 718 2842 ad
731 2795 797 2852 VH,
842 2793 878 2842 ita
889 2794 1040 2859 pemtittitis.
1052 2795 1098 2843 En.

286 2877 332 2934 18,
345 2885 398 2922 not.
415 2888 437 2931 r,
455 2872 494 2920 vis
508 2872 614 2932 inesset,
632 2872 798 2937 deceptosque
877 2890 903 2923 a.
912 2873 1082 2923 Dicaerchum
1091 2871 1166 2923 civem
1176 2887 1284 2924 vestrm
1293 2869 1350 2938 (vid.

282 2953 356 3002 Iuisse
380 2969 442 3002 voce
455 2951 539 3021 fidei,
561 2953 631 3016 quusi
655 2969 711 3018 spes
732 2963 798 3001 certa
841 2955 951 3013 XXXV,
967 2969 1013 3012 ra,
1028 2952 1096 3018 ma)
1114 2955 1284 3002 etMertestam
1294 2949 1351 3015 Epi-

283 3033 418 3082 clementiae
431 3049 457 3080 ee
468 3032 644 3090 contineretur,
662 3049 739 3095 quum
751 3047 797 3096 po·

283 3111 403 3180 tiusfidei
411 3111 516 3177 alicujus
525 3127 551 3159 se
556 3111 697 3176 permittere
706 3113 797 3160 Roma·

284 3192 312 3240 ni
325 3192 409 3240 dicent
421 3207 468 3256 pro
481 3191 583 3239 victoris
595 3191 698 3240 arbitrio
709 3207 797 3256 seper-

284 3273 388 3321 mittere.
404 3270 497 3319 «Idem
510 3282 607 3329 tamen,
627 3272 697 3334 quod
706 3272 797 3331 AEtoli,

283 3349 422 3401 sentiebant
438 3349 513 3408 salu,
524 3351 654 3407 XXXIX,
665 3351 712 3409 54,
728 3351 797 3399 dedi-

285 3431 348 3478 disse
361 3430 464 3494 seprius
478 3429 502 3476 r'rt
512 3428 605 3495 fldem,
623 3445 699 3494 quam
717 3429 742 3477 irr
752 3447 798 3495 po-

286 3521 396 3558 testatem
406 3509 496 3574 popuIt'
509 3525 570 3556 rom.
587 3520 612 3557 et
627 3520 724 3558 senatus
733 3512 786 3576 ipse

286 3593 373 3647 XLII,
393 3592 425 3649 8,
438 3589 581 3653 gravIssIme
595 3588 667 3650 tulit,
683 3591 798 3654 Ligures,

285 3671 368 3733 quise
384 3669 409 3717 in
421 3668 502 3736 fidem
515 3669 603 3733 populi
620 3686 682 3720 rom.
700 3670 800 3720 dedide-

793 3549 801 3575 9

841 3044 931 3090 rotam,
943 3042 990 3080 eto.
1000 3033 1067 3082 conf.
1077 3032 1168 3097 Polyb.
1178 3035 1242 3092 XX,
1255 3048 1294 3080 ro.
1304 3031 1352 3078 Me·

841 3124 925 3160 netem
944 3123 969 3161 et
985 3115 1119 3162 Menestem
1135 3114 1237 3178 quidm
1255 3111 1315 3162 ttss
1329 3117 1351 3156 et
1410 3153 1411 3158 ,

841 3191 898 3240 edd.
907 3193 933 3240 h.
943 3192 963 3242 1.
974 3203 999 3240 et
1007 3191 1052 3240 lib.
1062 3193 1213 3253 XXXVIII,
1220 3209 1242 3242 c.
1252 3208 1284 3240 10
1293 3199 1352 3240 extr.

841 3274 972 3331 Μενεστᾶς
986 3272 1079 3321 dicitur
1092 3273 1183 3337 Polyb.
1197 3276 1291 3330 XXII,
1307 3276 1351 3327 ri,

842 3350 857 3414 S
873 3353 913 3410 13,
936 3363 962 3400 tt
979 3354 1154 3422 Μενέστρατος
1167 3355 1234 3410 XX,
1252 3347 1352 3414 ro,§5s

841 3431 885 3478 ubi
894 3431 974 3481 Schw.
985 3432 1094 3510 notavit,
1105 3431 1190 3480 eadem
1202 3433 1297 3510 ratione
1306 3426 1352 3476 dici

845 3493 939 3590 distic
961 3521 987 3562 et
1010 3505 1182 3581 Attieti‘pse,
1207 3512 1305 3581 Aperite
1328 3519 1352 3557 et

844 3585 1027 3670 ppivetdpffi
1046 3593 1122 3650 Φιλᾶς
1147 3605 1172 3642 et
1200 3583 1350 3660 Φίλανδροςν

842 3673 959 3730 Aenum
975 3685 1001 3721 et
1017 3665 1191 3740 Απολλόὸωρος
1208 3671 1303 3733 aliaque
1319 3678 1353 3714 ts·

285 3760 354 3809 rant,
376 3767 389 3797 a
401 3749 509 3814 Popillio
530 3765 581 3798 cos.
603 3750 671 3814 ipsos
686 3750 800 3814 bonaque
844 3750 885 3799 lia.
897 3752 969 3800 Conf.
982 3750 1097 3798 Dukn-
1109 3752 1158 3798 Sed
1167 3751 1192 3798 iri
1199 3749 1277 3816 fidem
1287 3760 1352 3796 tuam

216 3825 220 3838 '
286 3846 370 3878 eorum
381 3829 495 3877 venditos
506 3845 535 3877 ac
550 3829 644 3878 deletos
654 3847 714 3879 esse.
732 3831 800 3879 Pari-

844 3847 889 3878 reor
902 3830 1057 3880 tradidimus.
1077 3833 1148 3879 Patet
1161 3831 1256 3898 AEtolps
1267 3843 1311 3893 per
1317 3825 1351 3893 fi-

285 3921 322 3957 ter
333 3909 442 3974 populus
452 3925 514 3958 rom.
524 3926 576 3956 eam
585 3909 619 3958 ob
633 3926 729 3958 causam
742 3927 795 3958 om·
840 3910 895 3958 dem
905 3903 1057 3958 inteflexisse
1068 3907 1297 3974 praesidium‚quod
1303 3907 1350 3966 jam

285 4005 342 4037 nem
356 3989 417 4036 iram
431 3989 458 4036 in
477 3989 584 4038 Faliscos
600 3990 697 4054 placida
713 4001 795 4039 mente
839 4005 913 4054 supra
922 3991 1062 4054 expositum
1071 4001 1116 4038 est.
1127 3991 1173 4038 Eu.

286 4070 402 4134 deposuit
412 4070 477 4136 apud
489 4072 544 4120 Vel.
554 4071 708 4129 MaximVI,
723 4071 753 4128 5,
771 4087 794 4119 r.

875 4072 900 4117 3.
912 4069 1009 4117 Certum
1018 4069 1112 4126 liabeo,
1126 4080 1154 4119 ut
1168 4068 1199 4118 el.
1210 4077 1350 4132 persuasam

287 4152 407 4202 Caeterum
419 4151 446 4200 itt
454 4151 531 4218 fidem
541 4151 630 4215 populi
640 4151 737 4198 romani
750 4165 794 4198 ve·
841 4148 939 4206 bahem·
953 4147 1011 4198 vide
1020 4147 1094 4197 Drsk.
