2848 4958
1090 386 1094 404 ⁸
1161 396 1272 448 ACrpt

176 455 179 459 ,
247 417 295 500 44
672 426 710 490 Τ.
745 425 887 492 LIVII
1045 505 1048 512 ,
1163 423 1282 499 dulsos

247 563 307 608 sus
333 553 491 636 quatuor
513 565 533 611 e
558 540 721 638 partibus
742 544 849 614 simul
875 559 1149 643 oppugnantem
1169 540 1305 610 hostem

247 663 448 746 nocturnus
469 649 599 723 diurno
625 654 858 724 continuatus
877 651 982 724 labor
1003 668 1069 724 est.
1091 654 1212 744 Quum
1233 645 1306 717 fati·

245 772 347 853 gatos
361 760 434 855 jam
449 760 582 832 AEtolos
597 763 703 832 sciret
717 763 846 834 consul
860 776 896 834 et
911 787 955 834 ex
968 765 1108 834 ratione
1123 757 1305 857 temporis,

246 884 283 939 et
295 869 395 965 quod
408 872 457 942 ita
469 869 661 969 transsugae
674 871 920 961 affirmabant,
933 872 1003 944 tale
1015 873 1205 946 consilium
1217 867 1305 940 iniit.

245 979 364 1050 Media
380 996 493 1062 nocte,
509 984 674 1080 receptui
698 984 839 1082 signum
866 982 983 1070 dedit,
1004 996 1041 1054 et
1060 983 1106 1054 ab
1125 1001 1314 1078 oppugna,

244 1091 347 1160 tione
363 1091 470 1164 simul
490 1118 617 1164 omnes
636 1093 962 1165 milites'deductos
975 1119 1092 1194 usque
1106 1090 1152 1162 ad
1170 1088 1307 1158 tertiam

244 1198 316 1270 diei
330 1200 457 1272 horam
470 1205 613 1297 quietos
624 1205 662 1274 iu
676 1205 799 1276 castris
815 1207 943 1276 tenuit.
964 1203 1056 1275 Inde
1071 1215 1189 1299 coepta
1202 1219 1308 1294 oppu-

244 1312 367 1406 gnatio
381 1310 426 1382 ad
440 1312 596 1384 mediam
615 1339 740 1386 rursus
759 1328 903 1386 noctem
917 1314 1092 1412 perducta
1108 1324 1183 1384 est:
1199 1309 1308 1376 inter-

244 1421 350 1507 missa
365 1421 501 1494 'deinde
518 1449 633 1522 usque
654 1424 701 1496 ad
720 1427 861 1495 tertiam
880 1424 951 1496 diei
968 1423 1107 1496 horam.
1129 1415 1309 1515 Fatigatio

243 1553 327 1599 nem
347 1532 414 1599 rati
435 1555 577 1603 causam
600 1559 677 1605 esse
697 1534 802 1605 AEtoli
821 1559 896 1605 non
918 1533 1172 1605 continuandae
1194 1550 1307 1625 oppu-

243 1638 444 1764 gnationiS,
456 1665 536 1736 quae
550 1657 586 1713 et
599 1645 697 1739 ipsos
711 1641 901 1730 affecerat,
924 1643 988 1714 ubi
1002 1643 1174 1717 Romanis
1188 1638 1307 1708 datum

218 1847 222 1853 Ι
242 1750 405 1846 receptui
418 1751 560 1847 signum
572 1765 683 1838 esset,
698 1754 820 1823 velut
811 1754 878 1850 rpsi
893 1777 1040 1850 quoque
1055 1753 1126 1824 hoc
1140 1742 1308 1825 revocati,

243 1882 311 1955 pro
334 1884 371 1930 se
393 1861 549 1957 quisque
569 1887 614 1934 ex
638 1863 855 1935 stationibus
875 1862 1121 1952 decedebant3
1143 1882 1210 1931 nec
1228 1864 1308 1924 ante

232 1967 386 2038 ‘tertiam
400 1968 471 2040 diei
483 1970 610 2042 horam
624 1975 749 2044 armati
762 1975 800 2043 in
814 1975 928 2044 muris
942 1972 1177 2071 apparebant.

290 2083 417 2151 XXIV.
434 2080 591 2168 Consul,
606 2107 721 2179 quum
735 2098 841 2155 noete
856 2083 973 2154 media
988 2083 1236 2154 intermisisset
1250 2093 1308 2168 op·

242 2189 521 2315 pugnationem,
541 2206 668 2288 quarta
681 2193 800 2288 vigilia
815 2217 939 2262 rursus
954 2191 1000 2262 ab
1015 2191 1132 2263 tribus
1147 2181 1307 2288 partibus

241 2323 383 2396 summa
405 2303 438 2370 vi
459 2324 665 2400 aggressus,
681 2301 727 2372 ab
748 2327 821 2372 una
839 2304 891 2371 Ti.
912 2302 1167 2398 Sempronium
1187 2311 1307 2367 tenere

242 2409 403 2482 intentos
421 2411 599 2484 milites
573 2437 791 2510 srgnumque
809 2427 1059 2508 exspectantes
1071 2413 1194 2509 jussit,
1210 2403 1255 2486 ad
1269 2421 1307 2470 ea

241 2523 279 2590 in
294 2536 477 2593 nocturno
490 2523 671 2612 tumultu,
685 2522 790 2594 unde
805 2523 939 2594 clamor
954 2522 1197 2607 exaudiretur,
1212 2506 1307 2585 haud

242 2628 354 2702 dubie
377 2647 475 2704 ratus
494 2632 618 2705 hostes
639 2657 890 2705 concursuros.
913 2632 1020 2704 AEtoli
1040 2656 1124 2729 pars
1144 2623 1251 2724 sopiti
1265 2614 1308 2689 af·

241 2738 334 2812 fecta
355 2741 479 2815 labore
501 2768 543 2814 ac
568 2743 695 2840 vigiliis
717 2767 870 2841 corpora
893 2767 936 2814 ex
963 2767 1092 2814 somno
1116 2734 1308 2812 molieban-

241 2863 342 2944 tur1·
333 2877 445 2950 ,pars
461 2854 648 2951 vigilantes
662 2853 781 2925 adhuc
801 2852 847 2923 ad
860 2853 1052 2949 strepitum
1070 2835 1306 2949 pugnantiuin

240 2961 452 3036 intenebris
466 2978 627 3036 currunt.
644 2969 774 3036 Hostes
787 2965 920 3060 partim
936 2987 1002 3060 per
1017 2964 1141 3032 ruinas
1159 2950 1308 3056 jacentis

241 3075 337 3142 muri
355 3073 608 3147 transcendere
623 3089 823 3164 conantur;
843 3073 974 3170 partim
995 3071 1097 3143 scalis
1115 3071 1307 3142 adscensus

242 3195 395 3252 tentant.
424 3182 604 3256 Adversus
623 3210 717 3280 quos
741 3183 904 3279 undique
924 3183 969 3253 ad
991 3207 1099 3281 opem
1122 3175 1305 3253 serendam

242 3303 463 3363 occurrunt²
479 3293 596 3366 AEtoii.
621 3297 705 3374 Pars
719 3316 809 3375 una,
828 3293 865 3363 in
886 3317 958 3389 qua
979 3291 1126 3364 aedificia
1141 3304 1241 3362 extra
1254 3304 1308 3351 ur·

241 3401 324 3473 bem
349 3418 471 3492 erant,
499 3427 620 3501 neque
647 3401 866 3490 defenditur,
888 3399 1306 3500 rreq11e³oppugnatur=

241 3619 299 3666 pars
313 3602 387 3651 codd.
401 3603 428 3653 τὸ
446 3614 529 3650 urente
544 3603 667 3663 defendit,
685 3603 753 3668 quod
797 3601 973 3670 sopieicffecta
989 3602 1107 3670 (vidend
1121 3603 1153 3660 V,
1177 3615 1222 3657 ιο,
1240 3582 1309 3647 ποθ)

239 3681 297 3730 ideo
310 3699 409 3746 quoque
422 3683 603 3747 praeferendum
614 3693 684 3747 putat
693 3685 754 3731 Dra·
804 3716 864 3732 .....
871 3700 975 3746 corpora
988 3697 1020 3730 ex
1030 3697 1115 3729 somno
1131 3679 1293 3728 moliebantur
1299 3679 1308 3718 ι’

239 3759 418 3818 kenbordrim,
428 3761 484 3824 quia
499 3778 584 3826 urgere
599 3762 676 3810 modo
695 3779 755 3827 prae-
798 3762 855 3810 vide
865 3762 897 3810 ad
907 3759 960 3822 VI,
975 3778 1016 3817 11,
1028 3777 1056 3809 ιι.
1068 3761 1092 3807 5.

240 3842 320 3886 cessit.
333 3841 461 3904 Eleganter
469 3853 550 3889 autem
560 3857 629 3888 urere
638 3840 754 3890 dicuntur
834 3858 860 3889 a.
874 3841 919 3889 Ad
934 3857 1004 3905 opem
1017 3839 1148 3903 ferendam
1166 3834 1308 3886 occurrunt?

240 3932 291 3975 res,
304 3935 359 3981 quar
368 3919 490 3977 molestae,
506 3937 591 3983 graves
602 3931 626 3968 et
635 3921 751 3971 intolera-
798 3920 855 3968 vide
873 3919 905 3968 ad
920 3921 1000 3978 m,
1015 3920 1063 3976 ῆι,
1077 3935 1104 3966 ιι,
1118 3933 1139 3966 1.
1160 3909 1309 3964 Concurrunt

240 3996 301 4044 biles
316 3995 396 4056 fiunt;
410 3999 476 4046 conf.
497 4000 562 4048 nuk.
583 4001 614 4048 ad
634 3999 751 4056 Florum,
796 4000 855 4060 cod.
874 4001 990 4088 Mogont.
1011 3998 1081 4064 quod
1103 3996 1180 4060 magis
1199 3983 1308 4058 ph⁰⁰b³²

240 4079 279 4134 11,
295 4078 324 4136 6,
339 4093 363 4126 2.
375 4079 420 4126 En.
796 4078 919 4128 Drakeub.

277 4157 337 4205 Car.
352 4158 448 4204 xxiv.
462 4174 482 4205 1.
502 4158 648 4222 AEeolipurs
671 4157 751 4223 (alii)
833 4159 855 4203 3
875 4160 937 4204 Pars
951 4174 1015 4213 una,
1024 4157 1048 4204 in
1062 4171 1112 4219 qua
1128 4149 1249 4221 (edificia,
1263 4149 1308 4188 ⁰¹⁰·
