2848 4958
252 399 319 470 ,θα
711 402 750 468 Τ.
783 401 924 470 L1v11
1199 381 1316 484 tta:

273 548 361 611 nos,
393 521 602 594 maluerunt
625 518 783 592 Achaico
811 520 999 593 contribui
1030 521 1197 596 concilio.
1221 525 1340 620 Epiro·

275 650 395 704 tarum
409 632 516 730 legati
531 629 577 702 ad
591 630 778 702 consulem
795 647 994 721 venerunt,
1014 657 1108 730 quos
1122 657 1197 703 non
1211 633 1342 704 sincera

275 743 348 816 fide
366 747 406 816 in
426 743 581 816 amicitia
597 739 707 812 fuisse
723 740 809 812 satis
825 741 1037 814 constabat:
1058 742 1210 816 militem
1227 755 1342 814 tamen

275 854 418 926 nullum
441 850 622 924 Antiocho
643 849 831 922 dederant.
854 852 1012 923 Pecunia
1030 853 1164 948 juvisse
1185 877 1269 924 eum
1289 851 1342 922 in·

275 960 566 1034 simulabantur:
588 961 725 1059 legatos
751 960 794 1031 ad
816 985 941 1060 regem
962 987 1009 1034 ne
1029 964 1106 1061 ipsi¹
1117 962 1264 1060 quidem
1280 963 1342 1032 mi·

275 1076 361 1144 sisse
383 1071 648 1144 inficiabantur.
667 1073 715 1144 Iis
733 1071 962 1170 petentibuS,
981 1074 1081 1144 utin
1103 1072 1259 1144 amicitia
1272 1071 1342 1170 pri-

272 1185 368 1256 stina
380 1207 456 1254 esse
468 1183 612 1271 liceret,
623 1181 813 1281 respondit
826 1184 973 1273 consul,
987 1209 1027 1256 se
1036 1199 1158 1256 utrum
1172 1185 1340 1266 bostium,

275 1307 325 1364 on
335 1309 575 1392 pacatorum,
598 1317 659 1364 eos
681 1317 832 1365 numero
857 1293 1027 1382 haberer,
1056 1295 1221 1366 nondum
1246 1298 1341 1365 scire.

274 1409 449 1476 Senatum
473 1407 550 1501 ejus
576 1409 631 1474 rei
643 1405 919 1501 judicemfore.
938 1411 1122 1502 [ntegrum
1142 1429 1343 1477 recautum

197 1511 199 1518 ’
275 1539 400 1585 eorum
428 1520 583 1600 Romam
609 1517 765 1610 rejicere.
792 1515 965 1598 Inducias
990 1515 1102 1586 adid
1119 1517 1262 1589 dierum
1282 1539 1344 1585 no-

275 1632 427 1722 naginta
453 1625 553 1696 dore.
581 1623 737 1722 Epirotae
761 1627 914 1696 Romam
938 1626 1037 1698 missi
1062 1641 1228 1700 senatum
1255 1626 1343 1698 adie-

274 1751 372 1808 runt.
390 1737 456 1826 Iis,
477 1736 589 1833 magis
599 1760 712 1832 „quae
728 1760 805 1807 non
823 1733 994 1808 fecissent
1012 1736 1177 1827 hostilia,
1193 1733 1345 1808 referen-

274 1847 393 1935 tibus,
412 1869 522 1944 quam
538 1844 780 1944 purgantibus
796 1869 856 1935 ea,
876 1843 1071 1942 dequibus
1089 1845 1344 1942 arguebantur,

273 1981 492 2055 responsum
511 1956 638 2028 datum
660 1971 735 2046 est,
761 1981 836 2053 quo
860 1955 1003 2028 veniam
1024 1958 1254 2055 impetrasse,
1273 1980 1345 2026 non

273 2089 417 2138 causam
437 2064 629 2164 probasse,
648 2067 762 2136 videri
777 2081 936 2164 possent.
955 2071 999 2138 Et
1013 2067 1174 2168 Philippi
1194 2068 1288 2165 regis
1302 2064 1347 2135 le·

274 2179 347 2274 gati
366 2175 434 2247 sub
459 2176 557 2247 idem
578 2191 721 2274 tempus
742 2178 780 2246 in
803 2191 969 2249 senatum
990 2177 1210 2268 introducti,
1229 2192 1345 2275 gratu-

205 2331 209 2336 ·
273 2288 390 2357 lantes
408 2287 454 2358 de
470 2288 631 2358 victoria.
645 2289 693 2358 Iis
708 2286 937 2385 petentibus,
955 2303 998 2360 ut
1012 2287 1081 2360 sibi
1098 2289 1298 2362 sacrificare
1312 2289 1346 2356 in
1415 2349 1416 2356 ,

274 2395 469 2495 Capitolio,
493 2397 707 2494 donumque
734 2423 778 2468 ex
799 2423 887 2468 auro
910 2398 1035 2470 liceret
1055 2425 1194 2498 ponere
1216 2402 1256 2471 in
1276 2397 1347 2468 aede

267 2506 366 2577 Jovis
385 2507 523 2604 Optimi
541 2508 707 2596 Maximi,
727 2508 943 2604 permissum
963 2507 1008 2580 ab
1030 2526 1171 2582 senatu.
1193 2515 1347 2582 Centum

273 2616 400 2716 pondo
426 2640 600 2688 coronam
623 2640 769 2687 auream
788 2632 1004 2715 posuerunt.
1026 2611 1110 2690 Non
1129 2643 1348 2719 responsum

272 2729 391 2799 solum
410 2727 571 2826 benigne
586 2729 712 2826 legatis
731 2741 806 2817 est;
829 2729 893 2800 sed
911 2728 1066 2828 Philippi
1081 2756 1235 2829 quoque
1255 2731 1348 2802 filius

273 2839 480 2911 Demetrius
488 2834 516 2925 ⁶,
536 2840 601 2935 qui
622 2837 729 2910 obses
750 2845 874 2910 Romae
894 2856 988 2928 erat,
1009 2840 1054 2912 ad
1073 2856 1217 2939 patrem
1238 2842 1349 2913 reclu-

272 2950 411 3022 ceudus
426 2949 550 3047 legatis
564 2949 669 3020 datus
684 2962 749 3020 est.
767 2948 928 3038 Bellum,
951 2949 1052 3047 quod
1068 2975 1152 3021 cum
1166 2951 1349 3023 Antiocho

271 3054 357 3159 rege
375 3063 414 3131 in
434 3059 570 3132 Graecia
586 3073 728 3157 gestum
746 3074 800 3131 est
817 3061 910 3130 aM’.
928 3059 1041 3132 Acilio
1056 3062 1229 3152 consule,
1251 3063 1349 3132 hunc

274 3169 385 3241 finem
404 3169 544 3241 habuit.

321 3285 483 3352 XXXVI.
505 3280 604 3350 Alter
621 3279 748 3351 consul
764 3284 801 3351 P.
820 3281 1010 3352 Cornelius
1030 3282 1170 3379 Scipio,
1194 3284 1349 3355 Galliam
1414 3335 1415 3362 ἶ

273 3393 496 3488 provinciam
511 3392 672 3475 sortitus,
685 3393 785 3489 prius
798 3417 906 3489 quam
920 3392 966 3462 ad
979 3391 1115 3464 bellum
1125 3449 1134 3481 ,
1145 3395 1252 3490 quod
1267 3421 1350 3468 cum

272 3504 367 3573 Boiis
380 3499 581 3599 gerendum
597 3513 694 3589 erat,
708 3501 1010 3601 proficisceretur,
1025 3503 1225 3601 postulavit
1239 3505 1287 3577 ab
1302 3530 1350 3576 se-

272 3765 313 3801 tur
322 3769 378 3800 eum
387 3750 511 3798 Drakenb.
521 3750 615 3799 mavult
624 3768 679 3816 sup.
690 3752 788 3802 citatam
867 3755 894 3802 6.
902 3754 1008 3819 Philippi
1018 3755 1191 3824 quoquefilius
1198 3759 1274 3807 Dem.
1284 3759 1351 3806 conl.

273 3831 482 3888 emendationem,
500 3829 564 3877 lianc
580 3830 619 3878 vel
637 3831 722 3888 illam
735 3832 786 3879 vid.
832 3833 921 3900 Polyb.
932 3837 997 3893 XX,
1008 3836 1037 3882 13
1046 3837 1171 3893 ‚etxxn
1181 3851 1213 3898 9,
1224 3839 1351 3900 quictiam

272 3911 353 3958 Gron.
364 3909 437 3957 Obss.
447 3910 498 3968 ΙΙΙ,
516 3911 554 3957 16.
569 3911 616 3958 Eo.
630 3935 665 3946 --
676 3910 786 3959 Achaico
831 3915 868 3972 ei,
883 3913 918 3961 ob
933 3929 1033 3978 operam
1045 3914 1163 3962 Romanis
1176 3915 1203 3961 in
1218 3915 1287 3964 bello
1299 3919 1352 3966 An·

271 3989 392 4038 contribui
407 3988 528 4047 concilim·
545 3991 678 4054 conficap.
696 3992 737 4039 31.
751 4018 787 4028 -
831 3991 940 4041 tiocbieo
962 3993 1110 4058 praelitam,
1136 3994 1267 4042 remissum
1291 3997 1351 4044 dicit

274 4069 371 4118 Centum
382 4067 478 4132 pondo.
488 4069 525 4116 Ex
538 4070 636 4119 Crover.
651 4087 786 4118 marcarum
831 4072 950 4121 tributum
963 4072 1049 4136 (conf.
1061 4074 1123 4122 iufra
1138 4073 1287 4134 XXXVII,
1302 4077 1336 4123 ²5
1343 4111 1349 4133 ‚

271 4149 417 4198 nostratium
433 4149 494 4210 156,
508 4167 564 4200 cum
576 4150 655 4198 unciis
672 4168 696 4199 a.
713 4153 759 4200 Eo.
834 4150 881 4217 t),
892 4161 915 4199 et
926 4153 1065 4218 complures
1075 4152 1148 4202 urbes
1157 4152 1278 4202 redditas.
