2848 4958
254 431 296 474 22

250 550 339 624 pace
365 526 509 625 nuptias
533 525 710 616 celebrat;
736 541 772 598 et
796 525 979 621 reliquum
1006 525 1156 614 hiemis,
1182 523 1312 598 oblitus

250 651 403 732 quantas
418 637 526 729 simul
544 637 632 710 duas
646 662 703 709 res
719 638 951 735 suscepisset,
969 633 1107 706 bellum
1123 637 1312 706 romanum

251 761 286 818 et
300 749 473 818 Graeciam
489 746 730 837 liberandam,
748 747 879 819 omissa
896 745 1061 816 omnium
1073 737 1197 816 rerum
1210 759 1312 832 cura,

248 859 287 926 in
310 858 482 929 conviviis
510 871 546 928 et
569 859 696 928 vinum
724 855 962 954 sequentibus
986 853 1254 952 voluptatibus,
1273 877 1313 924 ac

248 965 401 1055 deinde,
421 992 467 1038 ex
485 965 692 1065 fatigatione
710 968 844 1062 magis,
867 989 976 1062 quam
993 966 1155 1036 satietate
1172 987 1312 1050 earum,

247 1079 287 1146 in
313 1101 443 1149 somno
471 1076 640 1148 traduxit.
669 1077 805 1148 Eadem
830 1099 958 1148 omnes
982 1071 1171 1172 prefectos
1198 1073 1313 1170 regios

247 1189 335 1285 (qui
353 1186 512 1286 ubique,
534 1186 580 1258 ad
596 1188 770 1258 Boeotiam
787 1186 943 1258 maxime
953 1181 981 1270 ³,
1002 1184 1184 1283 praepositi
1197 1181 1313 1253 hiber-

247 1300 302 1367 nis
323 1297 447 1391 erant)
467 1299 563 1395 cepit
581 1291 724 1370 luauria
741 1324 750 1366 ε
770 1298 809 1367 in
825 1297 989 1368 eamdem
1010 1309 1046 1366 et
1064 1295 1194 1388 milites
1210 1291 1314 1364 effusi

248 1421 342 1479 sunt.
361 1413 438 1480 Nec
454 1409 647 1505 quisquam
667 1431 795 1478 eorum
816 1422 878 1477 aut
900 1429 998 1476 arma
1013 1403 1149 1491 induit,
1170 1418 1233 1474 aut
1248 1417 1313 1473 sta-

247 1519 406 1603 tionem,
432 1531 495 1588 aut
520 1516 658 1614 vigilias
683 1517 857 1604 servavit;
884 1529 946 1588 aut
967 1513 1188 1611 quidquam,
1216 1511 1314 1610 quod

247 1625 409 1697 militaris
428 1627 566 1723 operis,
584 1640 647 1697 aut
661 1626 821 1696 muneris
838 1640 946 1715 esset,
964 1623 1058 1695 iecit.
1073 1630 1202 1721 ltaque
1219 1625 1314 1722 prin-

247 1739 344 1835 cipio
368 1737 481 1818 veris,
509 1760 622 1831 quum
653 1759 719 1832 per
741 1734 935 1806 Phocidem
959 1734 1215 1825 Chaeroneam,
1241 1759 1314 1830 quo

247 1848 443 1920 convenire
468 1869 616 1920 omnem
643 1845 807 1942 undique
833 1845 1031 1917 exercitum
1058 1845 1231 1938 jusserat,
1254 1869 1313 1914 ve-

247 1957 375 2042 nisset;
394 1953 499 2026 facile
517 1955 784 2043 animadvertit,
802 1955 917 2026 nihilo
935 1956 1113 2027 severiore
1128 1954 1313 2051 disciplina

247 2064 395 2151 militeS,
415 2088 525 2160 quam
546 2063 698 2153 ducem,
721 2063 943 2137 hibernasse.
965 2063 1214 2162 Alexandrum
1231 2064 1314 2134 inde

248 2180 434 2246 Acarnana
450 2186 487 2244 et
506 2176 719 2272 Menippum
741 2174 980 2247 Macedonem
998 2179 1158 2246 Stratum
1176 2175 1313 2272 AEtoliae

247 2286 368 2381 copias
387 2283 520 2355 ducere
535 2284 652 2378 jussit.
672 2290 774 2383 lpse,
792 2285 944 2384 Delphis
962 2283 1137 2358 sacrificio
1156 2285 1315 2384 Apollini

246 2395 362 2482 lact0,
385 2397 612 2491 Naupactum
628 2396 811 2491 processit.
827 2396 988 2467 Consilio
1001 2396 1210 2493 principum
1223 2399 1315 2466 AEto·

244 2505 300 2576 liae
323 2501 470 2589 habito,
491 2504 568 2592 via,
597 2528 677 2599 quae
699 2518 829 2603 practer
851 2504 1074 2605 Calydonem
1097 2519 1135 2576 et
1157 2508 1314 2603 Lysima-

245 2614 385 2697 chiaml
396 2610 466 2682 fert
479 2612 524 2682 ad
541 2616 716 2704 Stratum,
728 2616 818 2704 suis,
833 2618 897 2716 qui
908 2640 975 2712 per
987 2615 1178 2686 Maliacum
1193 2617 1313 2686 sinum

246 2840 412 2900 12‚n.o.-
422 2838 565 2886 locutionis
578 2836 651 2900 hujus
662 2839 755 2904 elegan-
799 2842 1002 2890 iuAeemaniam
1010 2859 1042 2890 ex
1050 2858 1104 2908 cap.
1115 2858 1160 2903 ra,
1171 2855 1195 2892 et
1203 2845 1314 2909 Appiae.

243 2917 705 2982 tiamlaudatDoer.anga1isermone
716 2919 754 2967 di·
798 2922 853 2986 Syr.
866 2923 913 2982 ιθ,
929 2923 995 2983 conj.
1006 2922 1090 2986 Sigon.
1106 2923 1156 2970 Sed
1169 2923 1275 2982 Crever.
1290 2936 1314 2972 et

190 3027 193 3038 =
240 2999 317 3048 xiseet
328 3007 429 3047 auctor:
439 2997 519 3046 invito
532 2999 614 3046 animo
628 3015 653 3046 se
664 2998 753 3048 adduci
797 3001 872 3050 Dralr.
884 3001 975 3049 docent
990 3017 1022 3048 ex
1035 3001 1168 3062 Strabone,
1177 3005 1233 3061 tx,
1248 3004 1312 3062 416,

240 3078 375 3144 patientem
394 3088 422 3125 ut
437 3075 514 3124 filiam
526 3076 554 3124 in
571 3078 751 3126 matrimonium
798 3087 867 3138 4²4,
882 3090 907 3127 et
922 3079 1024 3127 Palmer.
1045 3081 1125 3128 Graec.
1141 3091 1194 3134 ant.
1210 3083 1261 3143 vt,
1288 3098 1314 3141 1,

240 3158 308 3206 daret
316 3155 381 3220 regi,
394 3156 464 3217 cnjus
479 3156 576 3205 fortuna
584 3157 753 3222 gravior-esset
797 3158 931 3221 antiquitus
949 3158 1083 3206 Phocidem
1101 3175 1153 3207 nou
1172 3172 1270 3209 tantum
1283 3162 1314 3209 ab

241 3251 313 3299 quam
322 3233 422 3282 ntbene
431 3233 489 3282 ferri
498 3246 588 3299 pomer.
599 3235 711 3284 Condicio
721 3236 752 3284 de
796 3236 871 3288 altera
881 3248 949 3301 parte
962 3228 1043 3285 alnum
1058 3239 1259 3299 Corinthiacum,
1271 3241 1314 3289 sed

239 3311 347 3378 nuptiis,
369 3325 424 3375 quae
448 3312 513 3360 dotis
535 3312 678 3362 conditione
698 3312 752 3362 fleri
797 3315 870 3365 etiam
888 3316 920 3364 ab
939 3316 1014 3364 altera
1033 3317 1114 3364 sinum
1131 3318 1267 3370 Maliacum
1289 3331 1314 3367 et

239 3392 386 3442 solonem.
795 3411 860 3443 mare
884 3395 1023 3444 Euboicum
1049 3396 1174 3460 attigisse3
1199 3399 1313 3462 adeoque

275 3473 299 3518 3.
312 3469 356 3518 Ad
367 3467 488 3517 Boeotiam
506 3469 629 3526 mxime,
643 3471 706 3519 forte
720 3488 751 3520 ac
795 3490 847 3522 non
864 3489 962 3523 necesse
983 3475 1057 3522 tunae
1076 3476 1197 3524 lloeotiam
1221 3479 1313 3525 intrare

238 3549 340 3598 Boeotice
357 3565 389 3596 m.
408 3549 486 3597 Geon.
500 3575 536 3586 -
551 3547 641 3598 Eadem
655 3550 749 3600 luxuria
794 3555 926 3614 traiecturo
944 3553 975 3601 ab
999 3555 1092 3602 Euboea
1109 3555 1137 3606 in
1160 3555 1313 3616 Phocidem,

236 3629 358 3678 lahorasse
368 3628 496 3693 praelector
505 3644 590 3676 omnes
600 3631 749 3694 regios,qni
794 3633 1003 3697 quemadmodum
1021 3637 1095 3686 etiam
1114 3653 1169 3701 cap.
1190 3653 1244 3702 seq.
1265 3640 1313 3686 An·

235 3709 361 3774 praepositi
374 3706 468 3770 ubique
482 3707 591 3758 hibernia
604 3721 685 3770 erant,
698 3728 749 3760 ma-
794 3712 891 3761 tiochns
898 3729 946 3778 per
958 3716 1059 3763 AEtolioe
1071 3727 1096 3763 et
1109 3713 1226 3763 Phocidis
1241 3715 1312 3762 urbes

234 3787 302 3834 xime
320 3787 352 3836 ad
368 3787 488 3835 Boeotiam
505 3783 551 3836 nbi
569 3804 625 3853 pars
645 3790 749 3838 maxima
798 3790 937 3840 Chalcidem
950 3793 1050 3844 redierit
1061 3809 1116 3850 non¹
1128 3795 1193 3842 faeta
1205 3795 1312 3854 Boeotiae

235 3865 362 3930 copiatum
374 3864 534 3925 hibernabat,
549 3879 634 3916 monet
650 3869 748 3917 Crever.
793 3871 926 3920 mentione.

235 3946 281 3994 En.
301 3973 337 3983 -
354 3948 403 3993 Per
423 3944 555 3994 Phocidem
574 3947 744 4005 Choeroneam,
829 3958 854 4006 4.
874 3953 968 3998 Proeter
984 3949 1132 4014 Calydonem
1152 3962 1176 3997 et
1197 3951 1311 4014 Lysima-

234 4025 337 4074 Boeotiae
355 4040 431 4096 opp„
446 4025 554 4078 venisset
569 4027 685 4075 Chalcide
700 4028 747 4074 Eu·
791 4025 882 4087 citiam,
888 4028 979 4094 oppida
986 4031 1091 4079 AEtoliae.
1102 4033 1198 4078 Praeter
1210 4030 1310 4078 Chalei-

232 4106 307 4166 hoeae,
319 4104 362 4153 nhl
369 4103 548 4155 hibernarent.
556 4110 605 4154 Per
614 4104 746 4159 Phocidem
791 4106 845 4155 dem
859 4107 916 4166 edd.
938 4108 988 4156 fere
999 4125 1084 4156 omnes
1106 4121 1162 4157 ante
1177 4109 1309 4166 Drakenh,
