2848 4958
141 394 169 490 t,
181 390 205 490 fi:
218 399 266 490 331:
345 414 496 481 mana
522 411 697 480 xxxvi.
726 411 830 478 car.
857 411 974 480 xxv.
1133 415 1180 507 47

112 529 220 601 nibus
232 545 329 616 erat,
346 533 448 626 quod
464 532 618 602 Romani
631 555 760 628 aggere
775 545 811 606 et
825 532 939 604 vineis
957 547 993 608 et
1010 532 1181 608 omnibus

111 663 222 736 supra
246 655 379 712 terram
405 640 593 738 operibus,
616 639 744 712 subtus
767 639 983 715 Macedones
1006 641 1182 714 cuniculis

110 748 395 845 oppugnabant,
414 765 450 820 et
467 751 505 824 in
522 751 658 847 asperis
680 750 768 820 locis
792 749 880 822 silex
900 775 993 850 saepe
1018 753 1183 850 impene-

109 857 252 930 trabilis
271 857 369 930 ferro
388 859 615 932 occurrebat.
635 863 702 944 Et,
721 883 835 957 quum
860 883 988 957 parurn
1008 861 1183 958 procede·

108 983 169 1040 ret
198 970 410 1067 inceptum,
437 997 505 1068 per
533 969 716 1066 colloquia
745 971 953 1068 principum
982 971 1189 1069 oppidanos

107 1077 277 1152 tentabat
290 1104 356 1150 rex
366 1135 376 1168 ,
388 1094 430 1150 ut
443 1080 573 1152 urbem
588 1079 787 1166 dederent,
801 1080 899 1152 haud
912 1080 1064 1169 dubius,
1079 1083 1187 1180 quin,

108 1189 138 1258 si
150 1189 254 1285 prius
263 1189 434 1291 Heraclea
447 1205 550 1288 capta
559 1189 672 1276 soret,
685 1191 856 1262 Romanis
868 1213 906 1261 se
919 1191 1059 1287 potius,
1075 1216 1185 1288 quam

109 1297 203 1386 sibi,
222 1299 385 1374 dedituri·
399 1315 535 1388 essent,
552 1323 728 1396 suamque
746 1302 896 1396 gratiam
913 1299 1041 1372 consul
1058 1301 1098 1374 in
1116 1300 1183 1374 ob-

108 1409 255 1488 sidione
269 1409 455 1484 liberanda
472 1409 633 1483 facturus
648 1423 741 1484 esset
752 1407 777 1479 ³.
797 1412 874 1481 Nec
890 1432 974 1480 eum
990 1410 1115 1505 opinio
1130 1426 1185 1484 ost

109 1517 307 1590 frustrata:
329 1519 518 1592 confestim
540 1521 639 1592 enim
659 1518 706 1590 ab
724 1519 894 1590 Heraclea
913 1533 1017 1616 capta
1033 1522 1185 1592 nuntius

108 1630 236 1713 venit,
258 1644 299 1702 ut
317 1632 589 1728 oppugnatione
607 1630 835 1702 absisteret42
851 1635 992 1726 aquius
1009 1653 1102 1716 esse,
1124 1655 1183 1700 m-

109 1761 245 1808 manos
259 1738 406 1828 militer,
421 1748 488 1838 qui
498 1747 577 1812 acie
591 1742 822 1810 dimicassent
836 1761 918 1808 cum
935 1741 1082 1824 AEtolu,
1091 1765 1186 1836 prce·

108 1851 193 1916 maa
216 1853 378 1922 victoriae
400 1850 546 1922 habere.
572 1855 625 1922 Ita
648 1873 827 1921 recessum
848 1847 894 1918 ab
913 1850 1035 1920 Lamia
1055 1864 1130 1939 est,
1149 1866 1186 1922 et

1 2025 2 2044 ,
109 1958 332 2054 propinquae
351 1958 453 2031 clade
471 1957 597 2030 urbis⁵
615 1961 705 2058 ipsi,
724 1984 770 2032 ne
790 1957 879 2055 quid
893 1959 1008 2030 simile
1022 1975 1185 2058 pateren-

108 2080 196 2152 tur,
215 2066 433 2165 effugerunt.

107 2308 156 2354 bic
172 2305 299 2370 leguntur,
313 2311 398 2359 munla
413 2323 438 2360 et
450 2322 566 2376 corrupta
578 2327 630 2360 esse
673 2325 729 2375 quae
740 2321 817 2360 tentet
825 2309 953 2368 bostia,ab
967 2308 1100 2374 oppidanis
1110 2312 1186 2360 anim

107 2385 630 2451 credebant3nectameneaemendareco·
673 2390 769 2439 adverti
783 2401 909 2456 possunt,
931 2405 1006 2453 quum
1030 2390 1110 2447 enne,
1135 2404 1185 2440 etc.

106 2467 170 2515 nati
188 2478 252 2516 sunt.
269 2469 293 2517 A
311 2470 383 2518 nobis
402 2488 500 2536 quoque
516 2471 628 2520 nondum
672 2469 733 2526 lsoc,
746 2486 789 2530 eo,
802 2471 841 2517 vel
851 2469 884 2518 ob
894 2471 943 2517 boe
955 2470 1036 2534 ipsum
1052 2469 1140 2518 Lamia
1152 2472 1185 2518 ei-

106 2547 246 2612 perapicoa
259 2563 287 2596 ac
299 2565 356 2597 vera
369 2547 444 2599 lectio
461 2552 589 2610 restituta3
604 2563 628 2599 et
673 2559 738 2610 tum,
752 2548 833 2613 major
842 2547 991 2616 difficultas,
1008 2557 1055 2595 etc.
1068 2549 1113 2597 En.

107 2628 182 2674 forte
190 2625 236 2690 leg.
245 2628 340 2692 oppidis
352 2646 403 2693 qna
416 2630 486 2679 breve
500 2632 533 2696 (V
534 2633 558 2678 11
568 2631 627 2679 mill.
708 2631 733 2678 3.
750 2631 874 2695 Suamque
881 2627 991 2695 gratiam
1004 2630 1127 2678 comesdin
1142 2633 1185 2680 ob·

107 2701 194 2770 pase.)
201 2703 354 2755 intervallum
361 2709 484 2772 panditur
496 2710 574 2774 (inter
583 2713 628 2758 La-
671 2709 766 2758 sidione
779 2711 907 2758 liberanda
914 2708 1031 2775 factumi
1049 2722 1110 2760 esset
1124 2727 1133 2759 .·
1148 2714 1186 2759 ni·

107 2785 192 2832 miam
206 2785 413 2854 Heracleamque),
422 2801 458 2846 et,
470 2789 556 2846 etiam,
568 2807 627 2836 ma·
671 2791 774 2849 rubum,
791 2791 899 2840 liberasse
912 2789 1041 2838 obsidione
1051 2790 1118 2838 urhis
1128 2807 1182 2854 gra-

107 2865 161 2912 nia
182 2863 207 2910 in
229 2878 357 2930 comperta
376 2879 449 2926 sunt,
469 2869 522 2918 scil.
539 2870 627 2918 Lanita
672 2870 731 2918 tiam
749 2870 781 2919 ad
798 2887 825 2918 se
845 2870 976 2929 relaturus,
994 2870 1046 2918 sive
1066 2870 1114 2918 sibi
1136 2872 1184 2920 soli

108 2942 334 3004 Hmaolmmibns,
349 2957 374 2994 et
392 2946 515 2996 Heracleae
532 2948 627 2996 Iamia-
671 2949 839 2998 vindicaturus
856 2960 920 2998 esset
933 2948 1084 3009 comulas,
1099 2975 1135 2988 -
1147 2953 1187 3000 De

108 3022 164 3070 nis.
176 3021 215 3068 Sic
226 3023 307 3072 omnia
315 3025 440 3074 referenda
449 3037 506 3073 sunt
515 3025 546 3073 ad
555 3027 628 3074 situm
672 3027 799 3076 locutione
809 3029 834 3076 ia
844 3027 970 3077 obsidione
979 3028 1120 3087 liberanda,
1131 3030 1183 3078 vid.

110 3101 361 3166 etpropinqnitatem
374 3105 485 3163 urbium,
504 3107 573 3166 cuius
586 3105 629 3154 de·
673 3109 774 3166 XXVI,
789 3109 817 3166 8,
830 3123 856 3154 n.
866 3117 890 3165 4.
901 3108 950 3154 En.
997 3117 1002 3124 ’

110 3181 247 3242 scriptioni
263 3183 335 3232 etiam
354 3185 483 3248 prasentia
498 3185 628 3236 verborum
709 3187 850 3244 abientius
860 3186 942 3244 venit,
958 3198 1071 3245 uto.a.;
1088 3188 1185 3240 vidend

111 3270 229 3323 tempora
241 3263 347 3310 maxime
360 3264 518 3312 conveniunt.
533 3265 630 3314 -Vul-
673 3269 749 3325 vm,
768 3282 812 3329 19,
828 3283 854 3315 n.
867 3282 906 3316 10.

112 3349 197 3402 getam
216 3340 328 3390 defendit
343 3343 507 3407 Doeringius,
524 3345 630 3408 satique
712 3346 736 3392 5.
753 3345 1019 3410 Etpropinqaeeelade
1031 3345 1096 3393 urbis
1109 3347 1185 3394 Hera·

112 3419 274 3468 commodam
287 3431 313 3468 et
325 3423 479 3486 perspicuam
491 3421 564 3484 hujus
579 3425 631 3472 loci
675 3424 748 3483 eleae,
767 3424 883 3488 quoniam
902 3437 1040 3490 expugnata
1056 3436 1093 3472 est
1110 3425 1185 3474 Hera-

113 3500 263 3550 sententiam
272 3501 309 3548 sic
319 3503 449 3568 explanare
458 3502 506 3550 sibi
513 3503 628 3552 videtur:
672 3503 735 3560 clea,
747 3505 817 3569 prins
829 3519 901 3567 quam
911 3505 1021 3552 Lamiani
1036 3503 1068 3552 ad
1079 3504 1185 3554 deditio·

114 3589 141 3626 σε
149 3578 211 3641 qaia
220 3581 309 3628 Lamia
322 3598 397 3645 quum
405 3580 475 3646 (tam)
483 3599 539 3646 pos.
556 3594 592 3629 est
603 3583 628 3630 in
672 3599 728 3631 nem
739 3583 907 3647 adigerentur,
921 3582 981 3648 ι’μί,
994 3583 1082 3631 incolae
1095 3586 1186 3632 lamiae

116 3669 178 3704 tum.
187 3669 238 3706 turn
248 3657 341 3724 (quarm
355 3660 404 3708 hoc
416 3662 497 3726 ipsum
510 3647 629 3726 oppidum
673 3657 759 3726 (cons.
778 3662 810 3710 ad
825 3663 880 3720 111,
898 3670 941 3724 47,
958 3679 984 3710 n.
1005 3661 1050 3724 r),
1071 3678 1102 3710 ne
1123 3663 1185 3726 quid

115 3738 185 3801 desp.
195 3754 258 3803 reg„
276 3740 380 3806 desuper
393 3741 489 3805 regioni
501 3741 630 3800 imminet,
673 3739 751 3787 simile
761 3751 921 3804 paterentur,
935 3739 1088 3807 affligerent,
1102 3757 1184 3790 evase-

115 3833 148 3864 ea
163 3833 234 3866 max.
245 3829 313 3882 parte
322 3854 330 3877 ,
340 3837 390 3884 qua
399 3821 467 3866 breve
480 3819 523 3868 iat.
534 3855 542 3879 ,
554 3820 629 3868 breve
673 3829 732 3866 runt
742 3818 820 3866 simile
832 3818 970 3877 excidium,
978 3819 1031 3867 scil.
1041 3819 1089 3867 boc
1101 3835 1183 3869 anno:

115 3896 224 3962 spatium
234 3911 284 3960 quo
296 3899 434 3963 oppugnari
443 3910 468 3946 et
478 3898 629 3963 invadipos·
674 3914 729 3946 nam
751 3899 833 3944 Lamia
854 3914 920 3946 anno
947 3897 1045 3948 demum
1073 3901 1185 3962 sequenti

115 3976 149 4022 sit
168 3975 301 4040 oppidum,
325 3976 439 4035 videtur,
460 3979 629 4043 conspicitur,
674 3977 739 4044 (vid.
748 3977 886 4035 xxxva,
904 3976 960 4040 4)a
978 3978 1096 4026 Romanis
1113 3989 1184 4042 capta

116 4053 198 4101 oculis
217 4054 400 4120 oppidanorum
422 4057 557 4118 subjeetum
577 4069 629 4117 est,
674 4069 724 4116 est;
743 4056 867 4106 Drakeub.
877 4055 925 4106 Sed
932 4072 984 4103 rem
993 4056 1116 4120 aegerrime
1128 4056 1185 4102 tulit

116 4144 142 4179 et
164 4149 230 4182 omn.
251 4133 283 4180 in*
296 4151 377 4198 consp,
395 4147 464 4192 sunt,
478 4147 501 4183 et
519 4138 630 4200 singula,
674 4137 820 4202 Philippua3
837 4136 1001 4193 vid.xx1x,
1015 4136 1047 4181 23
1060 4146 1083 4182 et
1096 4136 1139 4180 28.
